2460 4162
387 220 467 282 'Du
490 220 765 284 consumens.
1057 224 1097 287 63

62 344 121 407 Cui
156 342 220 406 nie:
258 343 337 404 llrhil
375 343 453 403 aliud
492 343 562 403 mihi
599 343 681 419 iecit,
718 341 770 403 sed
810 341 989 406 solummodo
1029 346 1099 408 dixit

60 433 136 493 mihi
149 428 183 513 ¹):
212 432 296 492 Vade
325 431 371 490 dic
400 430 515 490 domiuo
543 438 594 490 tuo
622 431 712 490 verba
741 431 822 489 haec.
871 429 920 490 Ad
947 440 1008 493 tam
1036 437 1099 495 evi·

63 519 138 580 deus
157 519 326 579 miraculum
347 518 480 577 sacerdos
503 524 704 592 compunctus,
724 517 888 577 festinanter
909 518 947 578 ad
968 527 1100 582 sanctum

63 608 161 666 virum
189 607 281 680 venit,
311 622 399 679 seque
429 622 494 663 enm
523 605 645 664 lacrimis
667 604 704 662 ad
725 605 813 680 pedes
842 605 916 665 illins
937 611 1100 682 prostravit.

63 692 193 753 Domine
212 698 310 768 pater,
337 693 445 766 inquit,
473 691 630 750 monachus
651 697 746 750 vester
767 691 832 750 talis
854 709 889 751 ac
909 693 973 752 talis
995 694 1049 769 iui,
1070 702 1100 755 et

64 779 119 839 tali
140 785 268 855 tempore
289 795 308 836 a
329 780 501 836 monasterio
522 780 634 836 recessi.
676 778 760 853 Rogo
789 781 874 854 igitur
900 784 1100 854 paternitatem

63 872 203 940 vestram,
223 872 255 924 ut
275 866 361 924 liceat
380 863 452 922 mihi
472 864 562 923 redire
575 865 726 924 vobiscum
740 864 778 923 ad
799 869 1011 943 monasterium,
1033 871 1102 944 quia

63 952 151 1013 Deus
179 955 210 1010 iu
236 951 362 1011 adventu
389 957 485 1010 vestro
514 953 640 1010 visitavit
669 967 718 1009 cor
745 968 850 1009 meum.
895 952 948 1011 Cui
969 961 1101 1015 sanctus:

63 1039 214 1115 Exspecta
241 1055 287 1097 me
319 1037 381 1112 hic,
415 1042 443 1097 ct
472 1054 526 1113 ego
557 1044 674 1113 peracto
706 1040 820 1113 negotio
850 1041 929 1097 ocius
957 1048 1102 1101 revertens

65 1125 174 1185 ducam
201 1130 232 1184 te
260 1141 381 1183 mecum.
435 1123 551 1186 Timens
580 1123 627 1181 ille
655 1129 791 1197 mortem,
824 1140 911 1199 quam
938 1129 1016 1201 prius
1043 1146 1102 1187 non

52 1211 204 1286 timebat,
232 1210 393 1285 respondit:
421 1210 562 1285 Domine,
590 1212 677 1268 timeo
705 1212 817 1268 interim
839 1214 919 1269 mori.
961 1211 1009 1271 Ad
1030 1213 1103 1274 hacc

64 1298 132 1359 illc:
154 1298 234 1371 Hoc,
262 1300 368 1372 inquit,
396 1314 448 1372 pro
472 1303 549 1356 certo
571 1298 660 1371 scias,
683 1299 750 1371 quia
770 1299 795 1355 si
815 1299 845 1355 in
866 1297 915 1355 tali
936 1302 1104 1362 contritione

65 1403 105 1445 ac
125 1387 271 1460 proposito
294 1390 423 1444 mortuus
444 1384 538 1458 fueris,
561 1400 657 1442 coram
677 1383 742 1442 Dco
764 1385 923 1443 monachus
944 1388 1103 1448 invenieris.

65 1472 216 1546 Recessit,
253 1470 349 1544 rediit,
384 1470 522 1545 illumque
559 1476 687 1529 recenter
719 1476 862 1528 mortuum
894 1489 929 1530 ae
960 1474 1104 1549 sepultum

65 1558 209 1634 audiens,
247 1556 429 1633 sepulchrum
457 1559 560 1631 aperiri
571 1554 592 1636 ²)
632 1559 785 1632 praecepit.
845 1557 1014 1619 Dicentibus
1055 1563 1104 1637 qni

65 1644 206 1718 aderaut,
227 1642 296 1720 qtrid
315 1642 409 1703 iacere
430 1642 538 1702 vellet?
559 1643 719 1718 respondit:
741 1642 816 1703 Volo
839 1643 935 1704 videre
957 1653 1052 1708 utrum
1073 1651 1103 1708 in

65 1730 223 1809 sepulchro
243 1732 337 1790 iaceat
357 1730 529 1804 monachus,
551 1747 589 1789 au
611 1729 738 1789 clericus.
782 1729 936 1806 Clericum,
958 1735 1104 1810 inquiunt,

64 1820 100 1879 in
119 1814 223 1877 habitu
243 1815 382 1876 saeculari
393 1813 414 1895 3)
436 1817 627 1892 sepehuimns.
658 1816 777 1875 Reiecta
798 1822 880 1892 terra,
901 1834 959 1877 non
979 1823 1008 1878 in
1022 1827 1104 1882 veste

65 1922 131 1981 qua
152 1903 279 1979 sepultus
300 1903 367 1978 init,
396 1902 448 1962 sed
474 1905 505 1962 in
532 1909 650 1963 tonsura
671 1909 700 1961 ct
721 1902 821 1961 habitu
842 1906 974 1964 monachi
997 1910 1105 1969 cunctis

64 1993 213 2069 apparuit
253 1990 291 2049 Et
312 1989 510 2066 magnificatus
532 1997 576 2050 est
596 1991 633 2048 ab
655 1991 787 2048 omnibus
808 1990 903 2066 Dens,
931 1996 979 2068 qni
1000 1995 1105 2055 volun-

64 2084 162 2139 tatem
188 2093 241 2153 pro
267 2076 343 2136 iacto
372 2073 527 2156 reputatl).
580 2077 657 2136 Eece
685 2078 715 2133 in
742 2079 796 2134 isto
828 2079 975 2139 maniiestc
997 2081 1104 2160 habes,

64 2162 153 2243 quod
172 2180 242 2223 vcra
262 2165 394 2223 contritio
416 2180 512 2222 coram
526 2163 591 2222 Deo
612 2165 743 2222 restituat
756 2164 891 2239 quicquid
912 2167 985 2226 tollit
1005 2171 1105 2230 vitium

64 2252 244 2328 apostema.
285 2249 351 2309 Hoc
373 2255 468 2308 tamen
492 2252 573 2322 scias,
595 2248 673 2325 quod
693 2255 806 2324 tempus
828 2257 990 2327 apostasiae
1012 2261 1105 2315 totum

62 2338 276 2399 infructuosum
298 2339 336 2395 sit
346 2332 376 2416 ⁵).
419 2335 623 2396 NOVICIUS:
644 2335 724 2395 Beue
747 2353 781 2395 ex
803 2337 934 2414 hisquae
949 2343 1007 2400 iam
1030 2342 1105 2402 dieta

64 2430 140 2485 sunt
167 2440 340 2500 recognosco
369 2425 503 2482 virtutem
532 2424 720 2498 contritionis,
752 2423 804 2483 sed
833 2427 955 2501 amplius
983 2428 1106 2489 admiror

63 2509 246 2573 ineffabilem
266 2501 487 2568 misericordiam
514 2511 603 2569 nostri
624 2509 790 2569 Salvatoris.
833 2510 929 2573 Homo
956 2517 1010 2590 iste
1031 2533 1105 2591 apo-

64 2604 152 2659 stata
170 2596 236 2671 init,
263 2596 416 2655 fornicator
437 2595 502 2670 fuit,
523 2602 552 2655 et
573 2595 650 2671 quod
672 2597 793 2672 amphus
814 2588 958 2674 pondero,
981 2603 1105 2676 quotidie

63 2691 256 2745 sacrosancte
284 2682 388 2741 Christi
418 2684 554 2758 mysteria
585 2688 707 2742 tractare
738 2684 854 2759 pollutis
885 2689 1016 2746 manibus
1047 2684 1106 2748 hou

63 2770 226 2851 pertimuit
267 2766 501 2829 MONACHUS:
523 2768 608 2828 Juste
629 2773 760 2829 moveris.
802 2770 859 2831 Ubi
882 2780 1040 2832 contemtus
1063 2781 1107 2836 est

63 2859 174 2929 maior,
194 2856 234 2915 ibi
255 2862 284 2915 et
305 2854 390 2931 eulpa
414 2859 535 2932 gravior.
569 2855 620 2914 Ait
640 2858 715 2914 enim
737 2856 909 2932 Apostolus:
933 2862 1107 2938 Quicunque

63 2942 238 3005 murtducai
253 2961 364 3018 partun
387 2950 415 3001 et
436 2942 508 3001 bibit
528 2944 646 3001 calum
667 2943 792 3004 Domini
813 2947 939 3022 indique,
961 2965 1030 3007 reue
1052 2953 1107 3010 eut

63 3033 206 3105 eorporis
234 3036 263 3089 ct
288 3032 441 3104 acupuiuia
467 3030 590 3088 Domini
601 3026 635 3098 6).
683 3029 777 3105 Super
804 3049 889 3107 quem
916 3034 1011 3092 locum
1040 3035 1108 3095 dicit

62 3116 186 3197 glossa:
207 3115 308 3175 Mortis
331 3114 435 3175 Christi
455 3133 563 3191 poenas
585 3115 676 3191 <labin
699 3134 734 3176 ac
756 3120 779 3177 si
802 3117 944 3179 Christum
965 3121 1108 3199 occiderit,

63 3205 215 3283 punietur.
257 3201 288 3262 Si
310 3201 414 3261 Christi
436 3202 648 3262 crucifixoribus
675 3205 704 3261 iu
724 3221 819 3279 poena
839 3207 937 3265 similis
959 3211 1026 3282 erit,
1059 3211 1108 3284 qui

64 3291 204 3366 indigue,
232 3288 288 3349 hoc
319 3295 378 3363 est,
405 3291 434 3346 in
462 3290 575 3348 mortali
605 3289 731 3365 quolibet
760 3294 912 3368 exsistens,
941 3298 1109 3372 accesserit,

64 3376 143 3456 quid
165 3374 202 3435 de
221 3375 269 3436 illo
290 3375 470 3435 sentiendum
492 3383 543 3452 cst,
565 3378 614 3453 qui
633 3379 664 3434 in
684 3377 781 3438 multis
804 3385 832 3439 et
852 3379 974 3440 assiduis
996 3388 1107 3444 morta·

87 3582 122 3650 r)
139 3576 163 3633 c
179 3576 255 3631 mihi
276 3577 365 3631 sixti
389 3607 421 3619 -
440 3579 473 3647 a)
491 3579 531 3631 or
554 3581 692 3647 aperire.
711 3611 742 3621 -
767 3582 799 3650 s)
817 3582 872 3634 inu
895 3582 1052 3637 cru-roan.
1075 3585 1109 3640 ni
1204 3564 1207 3573 ‘

141 3647 203 3702 vita
220 3664 296 3717 supra
313 3665 338 3718 p.
356 3648 400 3700 ot.
419 3678 449 3688 -
469 3648 840 3716 westmonasterium
858 3653 986 3705 historiam
1011 3655 1112 3720 didicit,

140 3733 195 3771 mn
211 3717 344 3781 relatione,
360 3717 407 3771 red
423 3717 543 3782 lectione3
570 3719 635 3779 vide,
647 3720 696 3778 vn.
714 3721 739 3775 S.
758 3721 877 3775 Bernard.
895 3722 947 3790 Vll,
965 3725 1007 3776 21.
1026 3756 1059 3765 -
1077 3725 1110 3794 5)

140 3788 255 3843 ninia
274 3816 306 3829 -
325 3787 357 3857 6)
375 3787 434 3842 Cor.
452 3788 592 3854 1,tt,27.
