2438 4170
89 243 152 304 aaa
404 236 632 300 parmomo
655 236 820 317 quaem
861 328 865 335 ι

431 429 662 492 CAPITULUM
685 429 784 490 LXX.

91 555 246 634 Qomodo
267 554 486 630 intellipendum
501 557 555 613 sit:
577 553 667 612 Ornoi
683 552 804 614 habenti
820 550 959 628 dubium
977 553 1103 617 eibum

154 645 207 720 qui
226 659 289 701 nort
309 639 404 714 habet,
426 644 514 700 etiam
536 641 618 717 qaod
637 638 724 699 hahet
746 639 903 717 auferetur
923 637 961 698 ab
981 635 1049 716 ω’).
1127 674 1131 679 -

153 779 357 842 NOVIGIUS:
389 780 483 840 Nosse
518 779 637 855 vellem,
672 778 817 854 quomodo
844 776 1091 856 intelligenduma‘t

90 867 170 944 quod
181 867 310 935 Christus
332 869 387 927 ait:
411 867 500 926 Omni
521 867 639 926 habenti
660 866 799 942 debitum
821 870 847 925 ei
868 872 968 925 auam
986 868 1031 942 qur·
1045 880 1088 923 noo

89 954 184 1028 habet,
209 958 297 1014 etiarn
319 955 401 1029 qaod
420 954 507 1013 hahet
529 953 685 1030 auferetur
706 953 745 1012 ab
767 950 845 1027 e02).
887 949 1086 1013 Monachus:

89 1042 126 1100 Ei
152 1044 201 1117 qui
228 1041 317 1100 habet
348 1043 470 1116 gratiam
496 1040 712 1115 hospitalitatis,
740 1046 770 1099 et
799 1041 960 1115 caritative,
985 1039 1087 1113 bonoqu

89 1131 200 1203 auimo,
234 1133 264 1188 et
294 1127 378 1186 hilari
403 1127 505 1203 ‘vultu
531 1123 687 1206 hospitem)
721 1129 971 1203 suscipiuntque
997 1125 1087 1186 blaa

88 1232 231 1292 pauperes
250 1213 410 1288 introducit,
431 1214 556 1273 Domino
577 1220 748 1290 procurante
770 1213 885 1272 dabitur
906 1216 934 1273 ei
943 1211 965 1293 ⁴)
983 1215 1011 1272 iu
1026 1225 1087 1288 put·

90 1304 164 1362 senti
183 1307 303 1376 mutum,
325 1308 354 1360 et
366 1318 578 1377 nonnunquam,
598 1307 731 1375 utsupra
747 1299 855 1360 dictum
876 1306 929 1376 ast,
949 1297 1087 1375 ceumplum.

91 1395 120 1449 et
140 1388 313 1463 abundabit,
338 1394 367 1447 at
387 1390 417 1445 in
438 1388 532 1447 hrturo
553 1390 615 1447 vita
636 1394 760 1447 aeterna
804 1387 861 1463 Qui
882 1393 979 1448 autem
997 1385 1088 1464 gradun

89 1473 289 1550 hospitalitatis
309 1481 338 1533 at
361 1474 559 1551 eleemosynae
573 1492 631 1534 non
647 1474 744 1548 habet,
764 1477 805 1533 ita
816 1480 850 1532 ut
862 1476 968 1534 invitus
980 1482 1088 1550 paupert
1130 1460 1133 1515 ἶ

90 1562 274 1638 hospitesque
283 1557 303 1641 ⁵)
331 1561 429 1621 videat
457 1568 486 1621 et
512 1563 644 1637 recipiat,
671 1567 758 1637 atque
791 1577 857 1620 oum
878 1561 956 1621 malo
977 1558 1088 1621 auimoot
1130 1578 1133 1631 ς

89 1667 233 1709 murmure
255 1648 311 1708 hoc
329 1651 424 1724 ipsum
453 1648 531 1724 quod
549 1666 655 1725 negare
675 1665 734 1707 non
754 1653 858 1722 potest,
878 1648 1026 1724 impendat,
1040 1643 1088 1703 halt

90 1738 165 1795 lusto
186 1735 244 1796 Dei
270 1734 374 1795 iudicio
403 1735 459 1794 hoc
485 1738 580 1811 ipsum
602 1735 681 1810 quod
701 1735 790 1794 habat
814 1736 1020 1795 insubstantia
1035 1738 1088 1791 uu-

90 1823 196 1899 porah,
224 1822 272 1883 vel
291 1825 321 1880 in
342 1839 373 1881 se
394 1825 456 1897 ipso
480 1821 589 1896 deficit,
610 1822 657 1882 vel
679 1822 716 1880 ab
740 1821 802 1880 ahis
824 1825 934 1897 rapitur
954 1828 1031 1897 atque
1046 1816 1088 1876 ds·

89 1909 217 1984 trahitur,
238 1925 291 1968 neo
305 1908 431 1969 fidelium
447 1908 634 1985 eleemosynis
651 1915 779 1985 augetur.
821 1907 1019 1969 NOVIGHJS:
1035 1902 1089 1965 stu

89 1995 185 2071 placet
214 1998 351 2071 expositio
380 1997 450 2070 ista,
479 2002 509 2054 et
535 1996 591 2055 hoo
619 2001 735 2071 propter
762 1996 894 2070 exempla
914 1990 1088 2072 praecedentia

89 2080 322 2142 MONACHUS:
344 2082 426 2141 Licet
436 2083 597 2156 frequenter
609 2085 763 2159 confingat,
784 2087 817 2140 ut
829 2082 992 2142 claustrales
1003 2082 1088 2157 propiet

91 2167 234 2227 Christum
246 2168 318 2244 largi
330 2168 546 2244 locupletentur,
568 2175 596 2228 et
610 2176 708 2228 eontra
723 2171 812 2243 ipsius
826 2169 990 2229 mandatum
1003 2173 1088 2226 tenera

90 2256 330 2331 depauperentur,
363 2256 398 2314 de
420 2263 542 2330 utroque
563 2262 659 2314 tamen
681 2256 852 2332 subiungam
874 2256 1033 2332 exemplum.

428 2462 660 2523 CAPITULUM
681 2463 795 2522 LXXI.

267 2585 315 2643 De
335 2585 534 2660 hospitalitate
553 2585 767 2644 marcellorum
789 2585 825 2643 de
844 2584 938 2643 Laeta

153 2723 189 2782 In
209 2718 384 2803 Manavelt⁶)
406 2726 552 2799 provincia
583 2724 732 2784 Dioecesis
753 2724 936 2783 Treverensis
961 2725 1038 2782 situm
1058 2715 1089 2773 td

89 2810 234 2886 quoddam
257 2812 426 2871 coenobium
447 2813 520 2888 nigri
541 2810 663 2886 ordinis,
685 2810 763 2885 quod
783 2809 878 2869 Lacus
886 2807 906 2890 ⁷)
928 2810 1034 2882 dicitu,
1049 2815 1089 2862 11⁰·

88 2915 154 2955 meu
176 2897 286 2956 habens
308 2915 326 2956 a
347 2916 390 2972 re,
418 2901 546 2973 personis
567 2898 851 2972 possessionibusque
873 2897 996 2974 pollone,
1025 2898 1047 2953 et
1068 2886 1089 2943 1⁰

88 2983 223 3059 rehgione
253 2982 382 3064 ceteris⁸)
415 2991 506 3043 terrae
538 2991 652 3044 nostrae
682 2986 825 3045 coenobiis
858 2985 978 3061 amplius
1003 2982 1090 3040 florens

89 3068 137 3128 Ad
158 3070 214 3129 hoc
235 3069 281 3128 die
303 3071 427 3146 quadarn
449 3072 525 3131 Saxo
548 3073 664 3148 quidam
684 3071 846 3147 hospitandi
872 3075 964 3149 gratia
990 3062 1090 3129 olveti,

108 3256 138 3324 1)
156 3255 592 3379 (sluomodohilptellibgendum
616 3259 671 3380 sig:
692 3258 791 3341 hate,
815 3245 1091 3378 ⁰{·d³b·i⁸1⁰¹vffisid

158 3343 205 3458 edd,
216 3337 455 3449 {lllffibaaNeddsd
466 3337 1023 3467 rd’eledgdrlrndsqdeltddqgqugndczatpdddludldmo,
1036 3396 1092 3458 pil*

158 3464 258 3516 cadenti
275 3469 418 3518 continuata
437 3477 502 3518 sunt.
537 3467 587 3519 Sed
605 3468 663 3521 vide
680 3469 744 3519 inira
762 3468 793 3532 V,
810 3469 853 3519 47.
871 3469 914 3520 49.
931 3468 973 3530 Vl,
989 3470 1011 3519 5.
1027 3459 1061 3539 1Χῖ
1073 3450 1091 3502 ⁷·

156 3536 195 3598 X,
218 3536 264 3586 67:
288 3536 377 3602 quibus
395 3553 427 3587 ex
443 3537 504 3588 locis
521 3547 606 3604 patet,
629 3546 728 3589 centum
755 3547 781 3589 et
804 3539 851 3589 tria
874 3537 981 3607 capitula
1002 3532 1092 3603 posuit⁸⁰

157 3612 284 3656 auctorem
306 3607 332 3655 iu
356 3605 403 3657 hac
425 3616 514 3673 quarta
531 3607 698 3660 distinctione.
714 3636 745 3645 —
761 3608 793 3675 2)
811 3607 898 3659 Matth.
917 3609 959 3672 13,
977 3606 1014 3657 12.
1029 3628 1055 3641 ν
1069 3589 1092 3656 3)

157 3674 199 3728 Bc
216 3673 389 3744 illos—d]
407 3678 436 3726 ei
461 3693 501 3728 orn
519 3677 548 3728 B.
573 3708 604 3717 -
626 3678 657 3744 5)
680 3677 744 3729 AGD
768 3676 917 3744 hospites
941 3676 1092 3744 paupert*

157 3760 226 3812 que.
245 3773 277 3784 —
296 3745 328 3812 6)
345 3747 416 3813 regio
428 3746 524 3810 Eilliaa,
541 3746 617 3798 hodie
634 3746 819 3813 llayenield
838 3746 912 3799 dicta.
924 3730 1091 3819 eontxhd·

158 3844 189 3855 -
208 3814 240 3884 7)
257 3814 335 3885 vulgo
352 3815 506 3868 Luach.-
525 3816 557 3885 8)
575 3817 595 3870 0
612 3833 690 3885 praa
708 3819 847 3884 ceteris,
863 3819 955 3870 omisso
972 3808 1091 3880 amphus·
