2438 4170
400 194 765 341 nns'nrenremsuu.
1035 247 1096 307 sm

63 368 175 448 angelis
203 367 350 446 depositus
371 370 422 444 sit,
450 361 493 427 ut'
509 367 674 443 impleretur
704 369 734 425 in
770 383 804 426 eo
834 365 912 442 quod
940 365 976 427 de
1005 371 1098 444 capite

62 459 282 534 scriptumest:
313 456 462 533 Quoniam
483 457 596 530 eupales
616 459 677 514 sais
697 455 853 514 mondavit
874 455 910 513 olo
932 461 967 528 te,
988 462 1024 514 ot
1045 473 1099 516 oa·

63 545 199 605 stodiam
220 551 247 603 te
267 546 300 601 ιἰι
322 541 456 601 comibus
476 545 531 601 aits
553 546 619 601 tuis.
660 541 700 600 Io
720 541 858 600 ιιιιιιιὶὁιιι
873 541 1042 617 portabunt
1063 549 1098 616 te,

62 650 102 692 ne
122 648 260 707 unquam
282 629 414 705 efferacius
428 628 470 686 od
482 629 611 704 lapidem
625 628 729 703 pedore
751 635 838 688 tuum
850 625 876 707 ¹).
909 628 1002 704 Quam
1024 628 1099 690 fidus

63 724 163 780 eustos
183 716 355 792 simplicium
376 718 413 775 sit
433 715 583 790 Dominus,
605 731 728 790 sequens
749 715 881 775 ostendet
900 715 1008 778 relafio.
1114 752 1126 763 ·-
1178 792 1184 805 ι

317 878 326 896 '
433 905 669 976 emmunim
689 906 731 964 x.

400 1029 470 1087 Vita
490 1026 656 1103 Eupilberli
677 1031 762 1086 eoem.

130 1150 227 1209 Homo
249 1149 367 1225 quidam
388 1148 523 1223 simplex,
544 1139 727 1224 Engilbertus
748 1151 877 1221 nomine,
899 1147 935 1207 de
956 1152 1111 1224 provincia

64 1237 182 1313 Tulpeti
202 1243 295 1310 natus
317 1242 383 1295 ante
395 1252 606 1311 paucoseunos
619 1235 768 1295 defunctus
781 1241 832 1294 est.
858 1235 917 1293 lste
939 1253 1005 1294 eum
1027 1244 1103 1296 esset

65 1341 172 1384 caecus
182 1330 274 1398 natus,
288 1325 490 1398 proptervaria
505 1322 588 1396 dona,
600 1323 703 1397 quibus
715 1322 859 1381 hominem
870 1325 930 1380 eius
940 1326 1101 1383 interiorem

65 1411 275 1471 illuminaverat
285 1413 377 1487 gratia
390 1409 493 1483 divina,
505 1412 534 1467 in
557 1409 675 1468 diversis
686 1413 836 1484 provinciis
849 1411 1028 1485 noscebatur,
1041 1418 1069 1469 et
1084 1429 1102 1469 a

65 1498 472 1574 multismagnisquepersonis
484 1515 569 1555 sexus
579 1493 749 1574 utriusque²)
764 1497 962 1555 venerabatur.
983 1497 1016 1554 In
1032 1515 1102 1573 cap-

64 1602 106 1662 pa
119 1585 238 1660 simplici
253 1591 281 1642 et
303 1586 400 1642 tunica
420 1584 503 1642 lanea
517 1583 658 1659 nudisque
670 1584 790 1659 pedibus
813 1590 872 1641 tam
885 1590 993 1642 aestate
1015 1602 1102 1658 quam

65 1672 173 1749 hyeme
181 1668 201 1751 ³)
222 1671 382 1745 incedebat,
403 1679 432 1729 et
453 1687 541 1745 puero
564 1688 595 1729 se
612 1677 737 1747 regente,
759 1673 799 1729 sic
820 1670 917 1728 limina
938 1676 1102 1730 sanctorum

65 1761 137 1819 satis
150 1764 267 1840 ‘remota
277 1760 392 1832 saepius
413 1753 581 1835 visitaret).
607 1757 746 1816 Carnibus
767 1758 1104 1833 nunquamvescebetur,

63 1862 126 1905 non
146 1844 332 1919 lectisterniis,
353 1843 405 1903 sed
426 1844 539 1904 modico
560 1850 672 1903 tautum
702 1845 845 1902 straminis
865 1843 989 1902 relicui
1009 1848 1104 1904 nocti·
1198 1902 1202 1911 ,

61 1934 120 1992 bus
141 1933 282 1991 utebatur.
325 1932 388 2008 Ego
410 1932 501 1990 multa
522 1932 599 1990 bona
622 1931 657 1989 de
680 1948 714 1989 ee
728 1927 748 2010 ⁵)
770 1929 845 2006 vidi,
866 1933 976 2005 etipse
998 1932 1103 1992 multos

60 2026 126 2080 tam
146 2019 234 2078 verbo
265 2036 352 2094 quam
381 2018 510 2094 exemplo
540 2017 709 2076 aedificavit.
756 2016 812 2076 Hic
844 2023 972 2091 tempore
1003 2019 1104 2079 adole-

63 2108 192 2167 scentiae
213 2122 284 2164 suae
294 2103 315 2184 ⁶)
339 2123 405 2165 eum
425 2112 510 2165 nocte
528 2105 653 2180 quadam
674 2107 703 2162 in
725 2104 810 2163 dome
833 2110 1001 2162 materterae
1024 2123 1102 2180 suae,

62 2199 213 2253 matronae
236 2193 346 2271 divitis,
373 2195 447 2252 inter
467 2193 539 2251 alios
569 2194 628 2251 cius
651 2208 748 2251 servos
771 2208 802 2249 se
825 2191 952 2249 cubitum
973 2192 1104 2267 locasset,

63 2281 170 2355 inipso
186 2282 335 2339 conticinio
358 2279 414 2339 duo
435 2281 511 2338 iures
525 2281 662 2354 parietem
677 2278 870 2337 subfodientes
890 2280 1009 2354 ingressi
1030 2288 1104 2338 sunt.
1158 2312 1170 2339 ρ

65 2366 125 2443 Qui
144 2370 210 2443 igne
233 2367 431 2441 discooperto,
451 2373 479 2425 et
499 2366 604 2424 lumine
625 2369 755 2440 incenso,
777 2367 853 2424 cistis
875 2368 995 2440 apertis,
1015 2369 1104 2429 intre-

63 2452 133 2530 pide
155 2453 398 2529 colloquebantur.
441 2453 520 2528 Quos
542 2459 573 2510 ut
593 2453 756 2528 praedictus
777 2452 959 2528 Engilbertus
981 2453 1105 2528 audivit,

66 2546 97 2600 et
116 2541 193 2600 iures
215 2558 278 2599 esse
300 2558 358 2599 non
381 2539 525 2598 dubitaret
536 2536 570 2619 ⁷),
600 2558 665 2599 cum
697 2557 796 2599 servos
819 2556 854 2597 ex
875 2545 995 2614 utroque
1016 2542 1105 2600 latere

66 2626 238 2686 dormientes
260 2629 383 2686 excitare
404 2642 462 2684 non
483 2632 590 2701 posset,
611 2627 744 2686 subsellio
768 2626 881 2685 cultello
904 2644 955 2685 suo
977 2628 1106 2702 persora-

57 2711 127 2793 Ιτοῦ)
150 2713 224 2773 collo
237 2715 342 2787 iniecit,
365 2719 393 2771 et
415 2712 498 2770 clava
513 2730 629 2771 manum
643 2717 773 2773 armavit.
805 2713 843 2770 Et
865 2715 932 2788 quia
946 2713 1009 2771 illos
1024 2718 1105 2790 quasi

67 2799 279 2862 eaecusvidere
293 2816 351 2857 uon
371 2801 472 2874 potuit,
494 2799 558 2857 Deo
570 2799 641 2858 duce
656 2797 813 2878 auditums)
835 2800 873 2857 ad
893 2800 956 2858 illos
978 2802 1105 2878 tendens,

67 2895 97 2949 et
112 2888 226 2946 clavem
236 2891 356 2960 unaque
370 2903 459 2944 mauu
468 2885 592 2960 vibrans,
614 2904 648 2945 ex
661 2891 737 2947 omni
750 2894 831 2963 parte
845 2887 979 2962 quicquid
989 2894 1106 2966 tangere

66 2975 162 3052 potuit
184 2975 266 3048 quasi
286 2973 407 3032 furiosus
427 2972 542 3048 feriens,
568 2972 603 3032 de
626 2974 710 3034 domo
732 2976 796 3034 illos
818 2976 907 3032 eiecit.
951 2974 1031 3050 Quos
1053 2995 1105 3035 us-

67 3079 125 3139 que
147 3059 186 3119 ed
206 3060 333 3119 foramen
355 3066 480 3133 secutus,
502 3060 570 3119 dum
592 3061 701 3120 aditum
721 3062 800 3120 scala
822 3063 989 3136 obstrueret,
1011 3069 1039 3122 et
1066 3063 1106 3122 illi

68 3154 177 3209 stantes
198 3154 278 3207 extra
300 3147 431 3222 domum,
459 3151 601 3206 neminem
621 3155 734 3224 praeter
761 3152 854 3227 ipsum
875 3149 968 3207 solum
989 3151 1106 3226 vigilare

67 3238 238 3309 sensissent,
267 3234 303 3294 de
324 3235 374 3293 tali
395 3235 559 3310 expulsione
582 3236 704 3310 confusi,
736 3236 834 3294 habito
856 3236 989 3311 consilio,
1012 3237 1105 3298 denuo

68 3325 123 3382 nisi
143 3329 210 3381 sunt
229 3325 342 3381 intrare.
386 3321 472 3397 Quod
493 3329 526 3380 ut
546 3322 593 3381 ille
616 3340 651 3382 ex
671 3330 752 3381 metu
773 3323 867 3381 scalae
888 3326 990 3400 sensit,
1018 3343 1106 3385 unam

88 3476 119 3544 1)
137 3473 201 3525 Psul.
219 3475 262 3538 90,
281 3474 321 3526 11.
342 3474 382 3525 12.
402 3503 432 3512 —
459 3473 491 3540 2)
510 3473 551 3524 Bu
569 3476 744 3542 utriusque
768 3491 870 3525 sexus.
891 3506 920 3514 -
941 3476 973 3542 3)
997 3476 1017 3528 Β
1043 3485 1105 3528 tam

139 3543 254 3608 hyeme
277 3560 368 3612 quam
391 3551 524 3594 aestate.
543 3573 576 3580 —
594 3542 625 3610 4)
648 3543 689 3594 Bo
713 3543 881 3595 visitabat.
899 3575 931 3583 -
954 3547 985 3610 5)
1004 3545 1044 3598 Bc
1067 3546 1105 3597 (le

95 3632 107 3675 ι
139 3612 207 3665 illo.
231 3644 264 3651 -
288 3614 320 3682 6)
343 3628 422 3664 suae
445 3611 680 3680 addo-m
703 3611 927 3665 dubitavit—
956 3616 988 3683 8)
1012 3615 1105 3668 dictum
1159 3620 1167 3640 ⁹

140 3698 200 3749 pro:
223 3683 416 3735 subsellium
440 3680 578 3733 cultello
602 3697 657 3733 suo
675 3682 887 3750 perforatum.
905 3684 930 3746 Ι,
949 3685 991 3737 40.
1014 3703 1038 3752 p.
1058 3687 1104 3738 52:

142 3768 212 3816 „cum
234 3781 264 3791 -
282 3768 388 3819 corpore
405 3759 538 3818 exportato
559 3749 591 3803 ad
613 3751 746 3803 levandum
769 3752 894 3804 detectum
918 3753 1030 3806 luisset.“
1066 3757 1107 3808 Sic

141 3822 286 3889 saepissime
303 3822 369 3891 apud
386 3831 507 3874 nostrum.
527 3850 557 3861 —
577 3822 609 3890 9)
626 3821 710 3875 ACDP
727 3824 857 3890 potuit,
870 3822 955 3875 duee
970 3824 1096 3875 solitu.

809 3897 864 3970 lb
