2460 4162
142 223 202 285 1⁷0
244 238 248 243 ·
442 215 670 280 DIS'l'lNCTIO
703 216 852 278 TERTIA

471 407 705 501 ommutuit
725 404 843 488 num)
907 366 910 371 ’

83 595 85 600 ,
139 534 187 591 Da
208 531 352 590 masacha
376 528 587 603 Claroeoulb'a,
620 533 672 606 qui
690 530 826 607 fratrum
848 529 969 588 adiutus
991 527 1185 591 orationibus

358 619 462 676 Priori
482 621 687 676 cmuciartium
708 635 796 676 saum
816 618 966 675 revelavit

203 755 281 815 Ante
303 756 358 815 hoc
380 756 543 831 biennium,
566 774 631 815 oum
653 755 785 815 dominus
799 754 971 815 Wilhelmus
989 751 1098 814 Abbas
1111 754 1184 815 Cla-

140 843 271 903 metallis
301 861 367 901 cum
396 845 496 904 ceteris
517 842 683 903 Abbatibus
713 848 811 902 contra
834 840 973 927 Gelonem
996 839 1184 901 Cardinalem

139 929 283 1007 proiectus
304 929 404 989 fuisset
420 930 552 1005 Romam,
573 929 690 1006 quidam
713 945 748 988 ex
770 928 918 988 monacbis
932 930 992 988 eius
1004 927 1123 987 cuidam
1145 945 1183 988 ex

140 1017 349 1076 confessoribus
380 1024 531 1093 peccatum
570 1016 716 1092 quoddam
754 1011 917 1075 criminale
939 1014 1088 1074 confessus
1126 1021 1184 1076 est.

141 1103 193 1163 Cui
207 1102 254 1161 ille
267 1100 282 1182 ¹)
299 1102 383 1160 dixit:
405 1104 485 1162 Bone
499 1110 528 1162 te
540 1103 633 1178 audio,
647 1104 722 1162 bene
739 1102 887 1162 consilium
899 1101 945 1177 do,
961 1101 1013 1161 scd
1025 1101 1184 1162 absolvere

141 1198 169 1250 te
190 1207 248 1248 non
269 1195 385 1265 potero,
418 1192 485 1265 quia
514 1183 654 1249 confessio
676 1189 749 1248 haec
771 1188 868 1249 debita
888 1205 947 1248 non
968 1194 1027 1266 est3
1058 1188 1182 1248 consulo

141 1283 169 1336 et
189 1293 269 1352 rogo,
290 1281 322 1335 ut
345 1276 504 1336 confitearis
527 1277 632 1350 Priori,
656 1278 704 1352 qui
725 1282 896 1352 potestatem
917 1275 1014 1335 habet.
1050 1274 1107 1335 Illo
1128 1292 1182 1335 re·

140 1363 313 1439 spondente:
335 1362 401 1421 Hoc
415 1381 561 1438 nunquam
575 1364 693 1438 laciam3
716 1363 860 1422 confessor
875 1361 974 1422 dolens
985 1379 1021 1421 ac
1033 1361 1182 1422 fluctuans

141 1450 234 1526 corde,
256 1452 343 1508 tacita
364 1466 487 1525 persona
509 1456 595 1524 atque
616 1455 746 1525 peccato,
766 1449 924 1524 periculum
938 1448 1101 1509 confitentis
1121 1448 1181 1509 do·

139 1541 216 1596 mino
238 1536 338 1613 Sigero
360 1537 451 1595 Priori
478 1535 624 1596 revelavit.
669 1536 725 1612 Qui
746 1535 867 1594 multum
889 1534 996 1611 dolens,
1018 1541 1047 1594 et
1070 1534 1108 1595 de
1127 1552 1180 1595 sa·

138 1624 198 1684 luta
219 1623 403 1700 periclitantis
425 1626 562 1699 cogitans,
582 1625 679 1699 magni
699 1622 807 1682 consilii
835 1622 970 1699 angelum
991 1639 1058 1682 cum
1090 1622 1180 1682 lucil·

139 1713 193 1770 mis
214 1712 366 1770 invocavit.
408 1710 519 1770 Eodem
539 1716 684 1786 tempore,
713 1727 789 1789 cunr¹
813 1726 967 1769 conversus
995 1708 1180 1785 quidam.ex

140 1800 181 1857 eis
202 1815 353 1874 perversus
367 1797 458 1856 multa
472 1797 620 1872 iuraretur,
640 1797 722 1856 Prior
735 1796 792 1855 Dei
813 1801 893 1871 nutu,
914 1802 1000 1855 nacta
1015 1797 1178 1872 occasione,

138 1886 168 1943 in
187 1885 318 1960 capitulo
339 1884 545 1944 monachorum
566 1886 635 1942 vitio
644 1880 665 1963 ²)
687 1884 752 1942 furti
774 1882 955 1958 exprobrans,
975 1881 1033 1942 hoo
1052 1881 1176 1943 adiecit:

140 1971 171 2030 Si
190 1971 263 2030 sorte
285 1970 387 2045 aliquis
410 1977 453 2029 est
473 1974 546 2030 inter
566 1987 620 2029 vos
632 1967 662 2048 ⁸),
685 1972 871 2029 cauteriatam
890 1968 1001 2029 habens
1023 1970 1177 2037 conscien-

139 2059 210 2115 tiam
220 2052 257 2136 ⁴),
286 2059 327 2115 ita
348 2063 380 2114 ut
402 2074 459 2115 non
481 2058 571 2131 possit
593 2073 657 2115 cam
678 2073 731 2116 suo
752 2055 880 2131 praelato
903 2058 1027 2131 aperire,
1048 2073 1103 2132 pro
1124 2054 1177 2116 tall

139 2145 229 2203 tribus
262 2143 363 2202 diebus
384 2143 456 2202 tales
482 2144 565 2203 vobis
593 2145 708 2219 iniungo
732 2144 882 2202 orationes.
926 2141 1066 2202 Omnibus
1089 2159 1176 2203 oran·

139 2230 231 2304 tibus,
261 2230 375 2288 cuidam
396 2232 493 2289 iuveni
514 2229 669 2303 sacerdoti,
691 2232 805 2289 nomine
825 2228 996 2304 wilhelmo,
1026 2231 1056 2288 in
1077 2228 1177 2306 vigilla

140 2316 275 2376 Omnium
289 2317 459 2375 Sanctorum
481 2334 547 2374 cum
559 2316 682 2374 lacrimis
705 2319 804 2390 oranti,
825 2333 884 2374 vox
902 2316 998 2375 divina
1014 2315 1176 2391 respondit:

138 2403 282 2462 Monaoho
304 2421 355 2478 pro
379 2420 435 2478 quo
458 2419 539 2477 oras,
569 2403 707 2461 consessio
731 2420 799 2477 sua,
822 2404 889 2478 quia
911 2402 1007 2461 debita
1027 2419 1087 2461 non
1108 2402 1176 2479 luit,

138 2489 207 2549 nihil
228 2490 347 2566 proluit,
371 2489 422 2549 scd
445 2489 490 2549 dic
503 2490 601 2563 Priori,
622 2495 654 2546 ut
676 2507 746 2565 cras,
769 2489 844 2547 dicta
857 2490 956 2563 prima,
978 2494 1043 2563 poet
1056 2490 1175 2549 missam

139 2584 205 2637 ante
221 2577 384 2653 Capitulum
398 2582 467 2653 stet3
494 2579 555 2651 ipse
569 2579 644 2636 enim
665 2576 783 2634 adeum
803 2578 907 2635 veniet
940 2575 1045 2650 Sicquc
1064 2575 1175 2636 factum

140 2672 190 2724 cst.
222 2665 383 2723 Exhibcnte
396 2681 427 2722 se
441 2665 538 2722 Priore
557 2681 653 2722 coram
671 2662 811 2739 Capitulo,
833 2679 899 2722 ecce
913 2662 1070 2722 monachus
1088 2664 1177 2739 venit,

139 2755 308 2828 signumque
327 2752 509 2811 consessionis
524 2751 616 2810 Priori
629 2750 744 2824 faciens,
766 2767 831 2808 cum
853 2766 887 2808 eo
902 2751 1025 2823 intravit,
1048 2755 1077 2808 et
1098 2749 1176 2808 facta

140 2839 316 2899 confessione
343 2857 409 2899 oum
430 2838 520 2898 multo
546 2839 654 2915 gemitu
676 2855 711 2897 ao
733 2836 855 2896 lacrimis
876 2837 1079 2912 poenitentiam
1102 2851 1176 2896 eou-

140 2925 255 3000 dignam
276 2928 402 3002 suscepit
414 2923 444 3005 ⁵).

440 3178 874 3232 ψ

157 3648 190 3716 a)
208 3646 296 3699 nomn.
314 3646 355 3698 ut.
373 3664 398 3714 p.
417 3647 459 3698 ea.
480 3676 509 3685 -
536 3647 567 3715 1)
589 3647 648 3700 nte
678 3663 718 3700 om
735 3646 808 3700 ton.
826 3677 858 3685 -
878 3648 910 3716 2)
927 3647 948 3700 n
965 3648 1086 3700 vrorum.
1110 3647 1165 3713 ro

208 3733 233 3784 p.
254 3717 302 3769 ll:
327 3725 369 3782 „ut
396 3732 427 3767 ex
449 3719 504 3783 ipro
522 3716 588 3769 iacto
612 3717 678 3769 illins
695 3733 727 3769 uc
745 3717 863 3785 ligentiac
880 3717 1068 3785 exprobraret¹⁴
1087 3748 1120 3756 -
1140 3718 1174 3787 3)

209 3785 644 3855 tironos.-4)Tin.1,l,2.
664 3816 694 3863 7-
713 3735 745 3858 55
762 3787 806 3840 Al)
824 3790 963 3855 recepit.
