2460 4162
433 260 489 322 DE
510 258 773 322 TEN'IATIONE.
1058 263 1119 322 219

85 382 157 449 dere
177 390 208 446 et
227 385 385 462 quiescere.
427 384 592 460 Factusque
613 383 786 459 monachus,
816 388 881 443 tam
904 382 984 443 fortis
1012 374 1042 442 e‘t
1061 389 1121 443 tum

84 472 200 534 fervens
220 478 266 533 est
286 474 316 530 iu
338 470 435 531 ordine
458 471 588 546 effectus,
609 476 642 530 ut
661 471 776 530 taedere
793 472 929 546 nesciret,
951 486 1120 546 quacunque

84 562 183 637 specio
203 558 330 619 accidiae
351 560 543 634 impugnatus.

437 745 669 807 CAPITULUM
689 746 770 805 LIII.

120 870 172 929 De
191 870 308 930 novior
330 875 451 941 tentato,
475 875 503 927 et
518 887 575 944 per
596 875 775 928 nocturnam
796 869 936 927 vidonem
957 866 1088 926 duarum

389 959 508 1015 viarum
530 955 572 1013 od
591 957 672 1013 uiarn
692 955 823 1014 reductu.

151 1091 254 1154 Abbcs
274 1092 423 1169 Philippus
446 1093 482 1153 de
504 1091 652 1168 Ottirburg
664 1088 680 1172 ¹)
709 1091 805 1151 retulit
825 1089 935 1150 Abbati
956 1097 1053 1150 nostro
1084 1091 1120 1152 de

83 1179 214 1256 quodam
241 1197 294 1239 suo
321 1182 434 1240 novicio
456 1183 642 1239 tentationem
667 1181 735 1239 sctIs
767 1195 900 1255 gravem,
931 1183 960 1236 et
980 1177 1043 1237 sola
1064 1178 1120 1238 Dei

82 1267 261 1327 revelatione
288 1267 425 1326 sedatam.
470 1266 543 1325 Cum
572 1269 647 1325 enim
668 1265 744 1324 idem
765 1266 893 1324 novicius
915 1270 974 1323 tum
995 1268 1121 1341 graviter

84 1359 164 1414 esset
184 1359 318 1429 tentatus,
340 1359 403 1412 uta
423 1353 501 1412 nullo
515 1353 662 1412 hominum
683 1359 782 1427 posset
794 1351 942 1425 consolari,
964 1358 993 1410 et
1006 1351 1120 1411 firmum

83 1437 294 1519 concepissem)
328 1443 504 1516 propositum
533 1439 697 1513 recedendi,
733 1438 833 1498 eadem
868 1444 968 1512 nocte,
997 1456 1054 1513 qua
1083 1438 1119 1499 de

82 1543 171 1586 mane
194 1526 231 1586 ed
248 1525 394 1586 saeculum
415 1525 506 1586 redire
528 1526 631 1600 voluit,
652 1525 710 1584 tule
732 1528 873 1584 somnium
894 1524 974 1583 vidit.
1015 1525 1119 1584 Visum

84 1618 132 1674 eet
153 1615 189 1688 ei,
210 1615 278 1689 quia
299 1619 387 1672 staret
408 1620 474 1672 antc
487 1616 590 1672 ostium
604 1619 713 1688 portae,
735 1611 770 1670 de
792 1629 850 1686 qua
873 1611 944 1670 duos
965 1611 1118 1671 hincinde

83 1698 278 1761 consideravit
305 1701 367 1759 vics
389 1703 474 1759 exire.
517 1699 583 1759 Una
607 1716 643 1758 ex
663 1698 718 1756 illis
739 1698 878 1774 vergebat
898 1697 936 1755 ad
958 1696 1118 1772 dexteram,

83 1784 177 1847 utura
205 1786 243 1846 ad
264 1788 421 1863 sinistram3
454 1793 575 1862 utraque
597 1792 693 1845 tamen
715 1784 839 1843 ducebat
859 1781 917 1863 in³)
940 1784 1042 1843 silvam
1064 1800 1119 1860 op·

82 1874 218 1951 positam.
260 1872 361 1933 Stante
372 1874 484 1933 novicio
496 1875 525 1931 in
546 1874 633 1948 bivio,
656 1889 721 1931 eum
743 1871 885 1930 dubitaret
907 1887 993 1945 quam
1006 1871 1118 1930 iilamm

82 1958 218 2037 eligeret,
246 1976 344 2019 senem
373 1959 516 2035 quendem
545 1961 673 2018 cominus
702 1964 776 2016 stare
804 1960 960 2032 conspexit.
1003 1957 1056 2015 Cui
1077 1960 1118 2017 sic

82 2046 138 2107 uit:
159 2045 242 2105 Bone
255 2049 307 2121 vir,
328 2048 352 2105 si
373 2049 457 2121 nosti,
479 2045 597 2106 ostende
619 2045 688 2104 mihi
710 2062 784 2120 quae
807 2062 842 2104 ex
862 2044 907 2103 his
930 2043 1042 2104 duabus
1062 2047 1117 2104 viis

81 2134 122 2192 sit
140 2135 259 2208 rectior,
280 2129 350 2211 Μ’)
379 2132 584 2192 ambulandum
606 2131 788 2191 commodior.
831 2130 879 2190 Ad
902 2129 980 2205 quod
1000 2131 1047 2190 ille
1068 2148 1116 2190 re·
1202 2146 1204 2157 ·

81 2218 211 2296 spondit:
233 2215 401 2296 Ego'plcne
423 2226 452 2278 et
472 2221 546 2279 bene
567 2225 596 2277 te
611 2218 768 2294 expediam.
799 2218 857 2277 Via
875 2217 954 2292 haec,
977 2235 1050 2292 quae
1073 2223 1116 2277 est
1215 2286 1221 2293 ,

81 2323 103 2365 u
124 2305 246 2380 dunis,
273 2308 303 2364 in
333 2322 448 2365 nemore
476 2323 527 2382 per
555 2307 643 2365 breve
665 2308 790 2380 spatium
811 2307 927 2379 spinosa
949 2311 1006 2378 est,
1034 2308 1115 2365 inae-

81 2391 186 2469 qualis,
206 2391 302 2451 lutosa
320 2398 349 2452 et
361 2410 472 2468 aspera.
500 2392 607 2451 Postea
620 2394 747 2466 sequitur
761 2409 878 2467 campus
893 2393 1116 2466 amoenissimus,

80 2477 203 2555 longus,
223 2478 340 2555 planus,
362 2480 504 2553 vanisque
532 2478 649 2538 floribus
671 2478 829 2537 decoratus.
871 2478 928 2538 Via
949 2495 1018 2537 vero
1041 2496 1115 2554 quae

81 2571 130 2625 est
150 2582 170 2625 a
190 2566 323 2640 siuistris,
351 2567 380 2623 in
409 2565 482 2625 silva
504 2565 619 2640 quidem
640 2563 791 2624 commoda
813 2569 868 2637 est,
896 2563 995 2639 plana,
1023 2569 1114 2639 sicce,

80 2650 157 2726 Inte,
183 2657 213 2711 et
238 2652 311 2711 bene
332 2655 412 2727 trite,
440 2655 565 2726 satisque
595 2651 824 2725 deficiosu‚.sed
845 2669 903 2710 non
923 2650 1017 2725 longe
1062 2652 1114 2710 Cui

79 2754 204 2813 mpure
224 2755 291 2805 mox
305 2741 484 2798 continuatur
504 2738 613 2815 longus,
635 2738 815 2819 scopulosum
834 2737 943 2796 lutosus
965 2745 994 2796 et
1014 2755 1114 2812 asper-

79 2826 186 2899 rimus,
222 2827 308 2884 etiam
334 2828 396 2901 ipso
422 2828 486 2884 visu
494 2823 514 2904 ⁵)
546 2825 714 2885 horrendus,
763 2825 838 2883 Ecce
867 2830 960 2882 totum
987 2824 1113 2898 praedixi

79 2910 153 2987 tibi3
174 2910 364 2988 quodcunque
383 2912 506 2971 volueris
522 2912 602 2989 cdge.
643 2912 710 2970 Hoc
725 2911 809 2985 dicto,
830 2912 958 2969 novicius
973 2928 1112 2987 experge-

78 2996 176 3057 factus
196 3003 254 3072 est,
282 3016 338 3058 non
364 2997 497 3058 dubitans
517 3001 655 3058 visionem
676 3004 792 3074 propter
813 3016 843 3056 se
864 2998 984 3071 factem,
1013 3004 1112 3073 utpote

81 3084 240 3145 bcncsuee
261 3088 410 3144 tentationi
431 3093 641 3162 congruentem
683 3083 1020 3155 NOVICIUSsVellem
1042 3087 1112 3144 scire

79 3172 343 3247 mturpretetionem
364 3172 447 3231 huius
471 3175 596 3233 visionis.
639 3170 873 3231 MONACHUS:
902 3172 959 3229 Via
980 3171 1018 3230 ed
1040 3171 1112 3230 dex·

78 3266 192 3333 uram,
225 3260 314 3317 vitam
341 3259 480 3335 sIgnificut
514 3261 701 3318 monasticam
731 3264 759 3317 et
785 3257 974 3333 spintualem3
1005 3261 1052 3317 vis
1074 3258 1112 3318 ed

77 3346 240 3420 munuum,
268 3347 357 3405 vitam
378 3345 553 3405 saecularem
574 3353 660 3420 atque
683 3343 834 3404 carnalem.
877 3344 956 3403 Silva
977 3363 1112 3419 praesens

77 3432 143 3491 vita
164 3437 215 3507 est,
236 3432 265 3490 in
288 3449 345 3507 que
365 3449 444 3490 more
466 3433 600 3492 arborum
621 3432 750 3491 homines
772 3438 903 3491 crescunt
919 3448 971 3507 per
980 3439 1112 3507 aetatem,

98 3618 131 3688 1)
149 3616 295 3691 0iiirburg,
317 3617 471 3687 Oitenburffi
488 3617 587 3670 abbatis
604 3616 671 3669 haud
689 3617 776 3684 procul
795 3633 809 3668 u
826 3618 900 3670 Lutra
918 3618 1040 3672 Cuesureu
1059 3621 1112 3673 dis-

150 3688 243 3739 iuncta.
260 3698 294 3727 ·'-
312 3688 344 3753 2)
362 3688 380 3740 P
396 3689 560 3755 cepisset,
586 3687 824 3754 (incoepisset.
844 3718 874 3728 -
903 3689 935 3756 3)
953 3689 995 3741 ΒΙ)
1013 3690 1059 3742 ud.
1077 3721 1109 3729 -

150 3758 184 3823 4)
200 3756 243 3809 Bc
259 3765 292 3810 ei
307 3757 354 3809 ud.
373 3787 402 3798 -
423 3758 455 3825 5)
472 3757 536 3810 liii?
554 3759 625 3824 Ipso
641 3757 742 3820 vieni,
758 3757 800 3810 KR
818 3759 883 3824 ipsi
901 3761 995 3812 visui.
1018 3761 1067 3813 vo.
1085 3761 1111 3813 S.

150 3824 254 3879 blech„
271 3840 326 3894 etp.
344 3828 390 3880 30:
411 3827 540 3894 „morbum
558 3828 613 3894 ipso
631 3825 781 3879 horrendum
798 3828 879 3880 visu.“
