2438 4170
345 224 356 239 ·
427 204 483 265 DE
504 203 768 265 ΤΕΝΤΑΤΙΟΝΕ.
1051 207 1122 264 223.

82 354 90 380 ι
118 328 194 405 lund
211 344 283 389 nunc
302 344 355 405 per
377 329 495 402 somnia,
515 343 593 385 nunc
613 343 666 403 per
688 325 830 402 quaedam
850 326 1018 402 praesagia,
1038 343 1115 409 nunc

119 429 155 489 per
168 414 276 493 flagella
318 414 363 473 Ex
384 414 428 474 his
457 416 526 473 satis
553 415 661 489 poteris
690 412 838 491 colligere,
867 411 945 488 quod
973 412 1115 487 quaedam

119 502 259 562 noviciorum
280 502 464 576 tentationes,
484 517 539 560 nec
559 518 617 560 non
639 505 669 559 et
688 500 908 572 monachorum,
939 517 997 558 nou
1018 500 1115 559 verbis

119 584 216 647 timaus
236 593 265 647 et
285 587 422 663 exemplis
442 590 553 663 possint
575 588 676 661 cruari,
697 585 749 646 sed
770 585 833 646 sola
844 581 861 665 ¹)
885 585 982 645 divina
1001 589 1114 646 virtute.

85 732 90 737 .
119 668 175 735 Hice
190 675 238 734 tibi
258 674 335 734 dicta
355 674 497 734 sufficiant
518 673 554 733 dc
576 673 781 733 tentationibus
801 673 927 732 accidiae
947 671 995 733 vel
1025 673 1114 732 tristi·

117 758 163 819 dte
192 761 242 821 Vis
263 778 338 820 nunc
359 761 456 837 aliqua
477 760 576 820 audire
598 760 730 836 exempla
752 759 787 818 dc
813 758 956 819 avaritia?
997 758 1114 819 novi-

118 838 191 907 not:
208 847 283 907 Volo
304 853 333 906 et
354 847 492 923 desidero,
514 848 659 924 quiahoc
681 849 751 906 nitio
773 845 935 906 uonsolum
944 846 1114 921 saeculares,

115 928 189 993 aie
206 933 370 994 claustrales
391 937 461 1001 satis
481 941 634 994 tentantur.
676 933 761 993 Unde
782 939 849 1009 peto
871 940 904 992 ut
925 932 1001 992 idem
1011 935 1111 992 vitium

113 1014 161 1113 ulli
177 1019 315 1081 describas
325 1017 363 1101 ²),
390 1020 463 1081 filias
485 1025 545 1082 eius
573 1038 738 1096 enumeres,
766 1026 795 1080 ct
823 1023 865 1080 sic
887 1020 1018 1096 exempla
1039 1021 1111 1080 sub·
1159 1062 1164 1076 .

71 1114 74 1125 “
112 1116 194 1181 mlii&

420 1313 652 1375 CAPITULUM
677 1315 770 1376 LVII.

349 1437 399 1496 Dc
420 1439 552 1496 maritis
572 1444 601 1495 et
628 1436 747 1513 filiabus
770 1441 840 1496 cina.

146 1553 377 1618 MONACHUS:
404 1555 536 1617 Avaritia
557 1564 601 1618 est
620 1557 743 1635 gloriae,
772 1577 824 1618 seu
845 1558 1036 1633 quarumlibet
1062 1575 1110 1618 rc-

90 1645 148 1701 tum
166 1645 330 1705 duatiabdis
352 1651 381 1705 et
397 1645 548 1705 inhonesta
569 1645 682 1721 cupido.
712 1645 779 1705 Hoc
801 1647 902 1704 vitium
922 1644 978 1704 alio
996 1648 1110 1704 nomino

88 1732 199 1791 vocabu
224 1731 395 1809 philargirla
436 1731 558 1792 Videtur
586 1739 683 1791 tamm
713 1735 788 1791 inter
807 1732 880 1791 haec
903 1730 959 1792 duo
981 1728 1109 1809 aliqua⁸)

83 1817 148 1875 ⁰⁸80
166 1817 333 1893 differentia,
355 1821 422 1895 quia
449 1821 569 1879 avantia
602 1827 645 1879 est
666 1819 869 1879 immoderatus
891 1820 1033 1895 appetitus
1055 1817 1110 1875 ha·

81 1886 167 1963 baudi
186 1908 312 1965 omnium
332 1923 440 1980 rerum3
467 1906 633 1982 philargifia
664 1923 750 1982 vcro,
780 1924 831 1982 per
860 1924 947 1981 quam
975 1904 1110 1980 singulari

76 1991 205 2061 Qucum
225 1994 364 2068 pecuniae
386 1992 560 2069 colligendae
572 1993 653 2052 frena
673 1993 813 2053 laxantur.
845 1992 992 2052 Avaritiae
1014 1997 1110 2051 autom

74 2058 156 2137 filiae
172 2084 249 2155 sunt,
269 2078 399 2153 fallacia,
419 2079 511 2154 fraus,
532 2080 670 2155 proditio,
689 2083 820 2157 periuria,
841 2079 1022 2156 inquietudo,
1043 2080 1107 2138 vio-

71 2143 177 2239 hnh'a,
197 2172 295 2226 contra
316 2166 538 2225 misericordiam
561 2166 762 2226 obdurationes
783 2167 885 2226 cordis.
927 2165 1057 2226 Avaritia
1078 2167 1108 2223 in

71 2234 189 2311 dumus
209 2254 343 2328 consistit,
363 2254 393 2311 in
413 2252 586 2328 acquirendo
608 2255 715 2312 scilicet
736 2260 765 2313 ct
781 2253 936 2313 retinendo.
957 2253 1004 2312 De
1027 2254 1107 2312 cuins

71 2333 184 2397 ¹ltalitin
203 2356 255 2414 per
268 2338 452 2399 Salomonem
473 2339 588 2398 dicitiu:
612 2339 778 2400 Conturbat
796 2343 917 2400 domum
938 2359 1032 2413 suom,
1056 2343 1107 2415 qut

71 2423 203 2484 ”canu
231 2429 392 2485 uvantum
401 2422 435 2503 ⁴).
477 2426 618 2486 Dominus
638 2426 737 2487 volens
758 2428 915 2487 Zachariae
943 2425 1105 2499 ostendere,

71 2505 155 2567 Unda
171 2514 294 2572 maxime
314 2512 501 2587 procederent
521 2513 598 2573 mala
618 2514 725 2583 mundi,
746 2515 871 2574 ostendit
892 2519 918 2574 ei
930 2514 1106 2590 amphoram,

71 2594 134 2655 Per
150 2600 225 2657 cuius
246 2598 373 2674 amplum
395 2616 428 2659 os
448 2600 617 2677 intelligeret
638 2601 823 2676 cupiditatem
836 2598 866 2680 ⁵).
908 2603 976 2676 Ipsa
1002 2603 1032 2658 iu
1054 2615 1105 2659 eo-

71 2665 145 2739 'lem
161 2683 304 2760 Pnophcta
332 2684 408 2746 dicta
434 2693 478 2745 est
506 2687 606 2746 oculus
627 2691 657 2745 in
678 2691 813 2747 universa
834 2685 950 2767 terra⁶).
993 2687 1105 2746 Secun-

71 2751 146 2824 filum
169 2770 356 2847 Apostolum:
388 2773 490 2832 Rana
517 2778 649 2832 ornatum
677 2777 827 2833 mulorum
861 2782 902 2832 cot
931 2769 1104 2850 anamim).

71 2836 134 2907 Per
151 2856 218 2917 cam'
233 2876 292 2918 uon
313 2858 406 2919 solum
427 2864 572 2918 tentantnu
592 2878 732 2937 personae
754 2861 922 2935 saeculares,
946 2859 998 2919 sed
1019 2861 1104 2918 etiam

71 2934 239 3005 wintonia.
280 2944 376 3006 Jacob
403 2947 609 3023 regredientem
636 2947 675 3006 ad
702 2955 808 3008 ternam
835 2949 991 3008 nativitatis
1019 2964 1103 3021 suae,

71 3024 186 3091 ³⁰outus
207 3038 251 3091 cst
264 3031 374 3108 Laban,
396 3033 496 3093 volens
517 3033 598 3093 illum
619 3037 749 3094 retinere.
783 3035 875 3111 Quem
897 3053 962 3095 cum
983 3036 1103 3093 retinam

71 3111 126 3167 ¹⁰¹¹
150 3125 260 3193 posset,
290 3121 347 3178 ait:
375 3120 426 3179 Ad
454 3128 520 3180 tuos
541 3125 584 3179 ine
605 3121 736 3194 uolebas,
765 3140 819 3181 cun
838 3122 962 3199 functus
985 3139 1013 3179 es
1036 3121 1103 3179 deos

71 3196 206 3277 ’100866
247 3204 357 3282 Jacob,
386 3209 435 3282 qui
455 3211 655 3282 interpretatum
676 3208 797 3268 luctator
824 3209 872 3268 vel
893 3206 1102 3285 supplantator,

71 3352 82 3368 ‚
164 3297 209 3352 cat
240 3295 333 3352 virum
375 3297 579 3371 monasticum,
613 3298 661 3371 qui
700 3312 763 3355 osse
793 3295 878 3355 debet
906 3295 1103 3372 supplantator

71 3362 210 3438 'tionum
241 3379 346 3439 Laban
366 3398 444 3456 vero,
466 3383 514 3457 qui
535 3388 619 3441 sonat
636 3382 782 3458 candidus,
805 3383 935 3461 designat
955 3383 1102 3443 mundum.

71 3551 112 3629 Ι)
138 3578 158 3631 Β
180 3581 235 3635 scd
260 3583 291 3633 iu
309 3582 386 3635 sola.
405 3614 436 3624 —
456 3583 488 3652 2)
506 3583 527 3636 B
551 3583 719 3637 describas
743 3595 788 3650 ct,
811 3586 1048 3639 Pdescribons.
1068 3617 1098 3626 —

139 3649 170 3716 3)
193 3653 260 3703 inter
289 3651 351 3703 duo
375 3662 401 3704 et
423 3653 528 3721 aliqua
550 3654 649 3706 videtur
677 3655 800 3707 excidisso
824 3657 992 3709 vocabula.
1013 3687 1043 3696 -
1068 3656 1101 3723 4)

139 3716 255 3774 Proverb.
275 3722 316 3788 15,
333 3723 376 3774 27.
395 3753 426 3765 -
445 3723 477 3792 5)
495 3723 516 3776 l)
534 3724 740 3793 intelligitur
757 3725 931 3793 cupiditas.
950 3758 982 3766 -
1001 3726 1033 3796 6)
1050 3725 1101 3777 Zu-

140 3787 204 3844 eluar.
222 3793 249 3859 5,
265 3791 291 3844 6.
310 3822 341 3835 -
361 3793 394 3861 7)
411 3792 472 3848 Tim.
489 3793 510 3859 l,
527 3796 553 3861 6,
572 3794 612 3849 io.
632 3824 662 3837 -
682 3795 716 3870 8]
733 3795 824 3853 chcs.
842 3795 885 3861 31,
902 3797 945 3849 30.
