2438 4170
100 116 162 174 aas
411 110 822 191 nnnmomoouanrr

103 236 248 313 Contingit
274 235 450 311 frequenter,
481 241 515 295 ut
542 236 645 312 aliquis
672 235 811 295 mundum
839 252 891 313 per
918 236 1129 301 wurerdenm
1218 288 1219 298 ,

102 322 226 397 deserat,
246 340 300 382 nee
321 328 418 381 tamen
440 339 595 383 conversus
616 325 654 384 ab
675 325 796 382 avaritia
817 340 867 383 cor
887 340 973 383 sunm
995 322 1128 391 cohibeat,

102 409 188 469 Hunc
214 410 288 468 iuste
315 408 438 468 mrmdus
458 411 629 484 insequitur,
656 414 685 469 et
706 409 786 470 dicit:
808 410 963 470 Desiderio
990 414 1054 469 erat
1076 408 1126 475 tos·

103 496 207 555 maa
222 498 322 572 patrie
345 499 396 569 tui,
417 495 512 570 idest,
533 499 627 571 patria
644 495 783 571 coelestis,
803 496 994 572 conferatur
1014 514 1043 555 co
1061 494 1121 561 door
1189 550 1213 573 „

103 582 203 641 meos?
223 578 269 642 Ac
291 584 315 641 si
337 582 427 641 dieat:
456 582 514 641 Cur
534 585 651 642 sectaris
672 582 843 643 avaritiam?
874 582 921 643 Dc
942 598 1012 643 auro
1032 588 1059 641 et
1074 598 1116 645 er·

102 674 202 746 gente,
232 668 310 744 quod
330 668 455 746 religiosi
475 671 543 729 satis
570 675 723 746 appetunt,
752 669 829 729 idola
849 668 930 728 firmt
978 668 1040 729 Non
1057 684 1112 747 ergo
1181 714 1209 736 ,,,

101 758 162 815 sinc
184 773 272 816 cansa
297 758 445 817 avaritiam
472 756 613 815 idolorum
634 758 801 816 servitutem
828 762 916 816 vocat
934 753 1109 835 Apostolutl

103 841 225 917 Rachel,
247 840 321 918 quae
341 844 542 918 interpretatur
561 842 670 919 videns,
683 843 795 918 Deum,
815 845 912 903 anima
932 847 978 902 est
996 838 1115 919 ralgioal,
1173 856 1180 884 ²
1197 880 1212 903 a

102 929 267 1005 quaedum
294 928 393 987 mundi
413 929 498 988 huius
520 928 632 988 divitias
653 930 842 1004 concupiscit,
871 931 955 1006 quasi
981 928 1051 989 idola
1064 926 1105 987 'sul
1136 964 1210 1005 „aa

100 1019 263 1075 stramentis
280 1016 430 1075 abscondit
440 1012 470 1094 ²).
514 1014 618 1075 Omnia
631 1018 707 1075 enim
722 1018 846 1091 corporis
867 1018 1032 1091 necessaris,
1049 1012 1104 1091 cuda
1166 1047 1168 1066 r
1213 1026 1215 1036 ·

102 1102 250 1162 monachis
278 1102 378 1178 regula
405 1101 548 1178 concedit,
581 1105 647 1178 quia
678 1103 747 1163 vilia
777 1109 860 1178 sunt,
893 1109 1041 1162 stramenta
1064 1099 1104 1159 dd
1169 1133 1208 1157 aa

102 1195 229 1264 possunt.
281 1187 483 1248 NOVIGIUS:
508 1188 601 1265 Saepe
629 1188 699 1248 ordo
721 1196 818 1249 noster
837 1207 856 1249 a
877 1182 1103 1249 saecularihmdt

102 1278 221 1335 avaritia
249 1275 397 1335 iudicatur.
439 1274 674 1336 MONAOHUS:
707 1275 792 1352 Quod
817 1276 858 1335 illi
885 1272 1104 1351 araneantes
1186 1320 1191 1333 .

101 1379 154 1422 nos
177 1379 239 1422 csse
262 1362 381 1421 dicimus
402 1362 619 1439 providentiam.
657 1361 764 1422 Omnes
786 1365 862 1422 enim
882 1363 1009 1439 hospites
1026 1373 1105 1439 supu-
1167 1385 1178 1409 ι·

101 1451 261 1523 veuientcs,
294 1466 330 1508 ex
350 1448 486 1508 mandato
508 1450 625 1526 regulae
656 1454 786 1509 tenemur
807 1451 881 1509 sieut
903 1448 1041 1509 Christum
1055 1458 1107 1507 su·

102 1538 203 1612 cipere.
247 1535 357 1611 Quibus
379 1538 403 1594 si
423 1542 576 1612 negaretur
597 1536 791 1611 hospitalitas,
819 1538 869 1612 qui
897 1535 985 1596 modo
1004 1534 1109 1595 ordinm
1199 1534 1203 1544 '

102 1623 228 1683 iudicant
249 1622 285 1681 de
306 1625 435 1698 avaritia,
456 1628 524 1681 tunc
544 1622 617 1682 sorte
638 1623 760 1699 amplius
782 1621 906 1682 eundem
918 1612 1112 1683 iudicarent&
1182 1619 1210 1671 '1'

100 1712 244 1785 impietate
274 1716 303 1769 et
329 1709 567 1768 immisericordia.
609 1710 689 1769 Pene
716 1709 796 1769 nulla
823 1709 927 1769 domus
949 1716 993 1769 est
1011 1702 1116 1769 orrum

102 1814 176 1872 quae
203 1813 262 1855 non
282 1799 319 1856 sit
340 1796 467 1872 obligata
489 1795 605 1871 debitis,
634 1802 696 1855 tum
723 1802 840 1873 propter
859 1796 989 1872 hospites
1008 1802 1037 1855 et
1051 1802 1120 1871 pall·
1189 1780 1214 1840 Ti·

102 1900 198 1958 peren,
230 1889 292 1941 tum
313 1888 429 1959 propter
450 1899 515 1958 eos,
548 1886 596 1958 qui
617 1883 744 1959 quotidie
765 1888 984 1958 convertuntur,
1014 1889 1043 1942 et
1060 1876 1124 1940 ‘sim
1196 1894 1209 1921 ²·

102 1969 236 2029 scandalo
258 1969 356 2045 repelli
376 1987 434 2028 non
455 1976 584 2045 possunt.
626 1968 667 2030 Ut
687 1958 763 2030 enim
784 1970 995 2046 dispensatores
1020 1966 1131 2029 nostrlll
1197 1948 1217 2006 11

103 2074 251 2131 excusem,
279 2056 394 2115 nonde
416 2062 492 2129 toto,
521 2056 572 2115 sed
595 2056 630 2115 de
657 2063 752 2133 tanto,
780 2074 867 2132 saepe
888 2056 945 2117 hac
964 2046 1135 2116 ncccaittvatl
1209 2065 1211 2080 ’

105 2150 215 2218 oportet
236 2143 300 2202 illos
328 2142 417 2202 uelint
441 2143 532 2201 nolint
552 2160 646 2202 arere.
690 2143 805 2220 Quanta
824 2159 920 2219 poena
940 2144 1040 2203 vitium
1057 2144 1143 2228 avil·

103 2232 182 2289 ritiae
202 2232 231 2287 in
253 2233 397 2304 praesenti
419 2231 479 2288 sive
501 2232 530 2287 in
551 2230 645 2289 tuturo
667 2230 822 2306 plectatur,
846 2228 894 2289 vel
916 2236 1024 2305 quanta
1042 2223 1151 2306 grona

67 2360 70 2365 .
102 2326 130 2375 et
142 2317 234 2376 fructu
249 2317 411 2376 divitiarum
424 2323 584 2376 contemtus
597 2320 781 2392 inpraesenti
799 2318 885 2376 etiam
893 2313 914 2397 ³)
927 2310 1161 2398 remunerctflfr

102 2404 274 2479 quibusdam
300 2405 351 2463 tibi
381 2402 531 2462 ostendam
559 2403 704 2479 exemplis.
746 2404 856 2480 Magna
884 2405 937 2462 erit
964 2405 1025 2464 eius
1043 2392 1168 2481 glosla

102 2494 129 2548 iu
151 2492 254 2550 futuro.

424 2695 657 2757 CAPITULUM
678 2697 786 2757 LVHI.

142 2821 186 2878 De
209 2819 348 2878 Caesario
370 2820 469 2890 uellite,
492 2822 544 2894 qao·
565 2822 713 2877 cononicis
734 2819 942 2878 Bonnensibus
964 2820 1101 2880 debitam

278 2909 438 2980 pecuarium
458 2909 592 2980 eoeperit,
615 2911 643 2964 et
664 2924 795 2981 pressum
815 2907 950 2981 perdidit

167 3059 250 3118 Miles
272 3060 387 3134 quidam
410 3059 560 3119 Caesarius
581 3063 710 3135 nomine,
732 3059 768 3121 de
788 3059 946 3140 proxima‘)
968 3061 1038 3121 villa
1049 3051 1201 3119 wiss‘

103 3160 161 3205 tcre
183 3146 333 3219 oriendae,
356 3147 470 3206 fratrem
494 3146 595 3206 habuit
613 3147 756 3207 carnalem
775 3150 889 3207 nomine
908 3135 1204 3207 Hummotouffl’

105 3235 261 3292 Bormensis
288 3233 424 3292 ecelesiae
450 3230 631 3293 Decauum.'
652 3234 710 3294 Istc
740 3234 832 3292 eidem
861 3234 996 3294 Caesario
1017 3225 1203 3306 aemil?

102 3321 267 3379 ruodarerut
281 3320 315 3378 do
330 3323 452 3394 pecunia
477 3320 614 3379 ccclesiae
633 3336 703 3379 suae
716 3323 816 3397 uiginti
830 3339 942 3381 marcas
957 3299 1204 3382 (101011111ιὲιθ

102 3420 242 3467 monetae.
291 3407 406 3465 Mortuo
435 3407 571 3483 Decano,
607 3408 791 3483 Praepositus
818 3416 847 3467 et
873 3409 972 3468 fratres
999 3398 1201 3467 miitess'·

121 3612 149 3678 1)
166 3609 261 3662 coloss.
281 3610 306 3665 3,
324 3611 348 3659 5.
369 3638 400 3648 —
423 3609 456 3676 2)
473 3609 565 3661 Geues.
583 3611 631 3674 31,
649 3611 691 3662 34.
710 3641 741 3651 -
766 3610 837 3678 3)c
860 3612 957 3663 etiam
983 3612 1014 3661 in
1039 3617 1120 3678 ρπβ
1132 3599 1194 3639 ⁶⁶

166 3681 261 3732 reati.
282 3709 313 3719 -
333 3678 365 3748 ⁴)
382 3681 530 3748 proxima
546 3695 588 3732 om
604 3680 643 3743 ll,
657 3680 733 3748 paulo
749 3688 808 3748 post
824 3680 845 3734 0
862 3680 1041 3734 lluchrnere.
