2438 4170
87 230 149 290 aas
399 224 626 288 nmrmcmo
648 223 801 304 onmes

88 351 149 410 Nos
176 348 298 426 plurima
326 349 363 408 ab
386 351 426 409 eis
450 351 533 426 signa
552 347 685 408 vidimus.
727 347 840 424 Quibus
860 346 1024 433 Episcopus:
1063 349 1115 411 Sed

91 454 144 515 ego
172 436 222 496 illa
248 453 306 495 non
333 435 401 494 vidi.
444 435 520 512 Quid
545 433 657 493 multa?
686 434 800 494 Placuit
831 434 936 511 populo
964 435 1109 495 consilium

88 525 194 584 Vocati
215 528 281 581 sunt
301 521 444 581 haeretiei.
486 521 577 580 Atiuit
603 522 771 598 Episcopus.
805 520 953 582 Accensus
973 528 1012 582 est
1029 522 1104 583 focus

91 612 122 670 in
143 610 236 669 medio
251 611 390 668 'civitatis
431 609 514 667 Prius
536 615 631 667 tamen
661 612 747 684 quani
764 610 915 684 intrarent,
941 609 977 669 ad
994 609 1102 684 Episco-

91 715 161 774 pum
189 703 299 756 seereto
312 693 328 775 ¹)
349 697 445 755 vocati
466 701 541 753 sunt.
584 694 694 771 Quibus
714 698 776 770 ipse
797 698 853 754 ait:
881 695 956 756 Volo
978 692 1101 755 videresi
1137 754 1140 765 ,

92 784 188 860 aliqua
217 786 291 842 circa
319 799 372 863 vos
399 782 530 841 habeatis
554 782 702 840 maleficia.
746 781 810 858 Quo
833 782 947 858 audito,
972 786 1031 841 mox
1051 796 1101 841 ex·

91 871 245 947 spoliantes
281 886 312 927 se
324 866 360 949 ²),
389 886 454 928 cum
486 886 591 944 magna
628 871 781 927 securitate
813 867 955 927 dixerunt:
986 868 1102 945 Quaerite

38 971 40 976 ·
92 957 240 1033 diligenter
271 962 331 1014 tam
363 958 393 1013 in
427 957 593 1030 corporibus
628 972 714 1030 quam
746 957 776 1012 in
808 958 982 1015 vestimentis
1004 955 1103 1014 nostris·

46 1072 49 1077 ·
91 1044 198 1103 Milites
227 1060 310 1117 vero,
340 1044 413 1101 sicut
440 1042 477 1100 ab
501 1041 644 1117 Episcopo
665 1041 777 1100 fuerant
797 1045 976 1118 praemoniti,
1000 1040 1103 1102 brutio

92 1133 132 1191 eis
152 1130 289 1204 levantes,
311 1135 340 1187 et
360 1129 413 1187 sub
436 1127 547 1187 ascellis
570 1130 714 1188 cicatrices
736 1128 877 1188 obductas
898 1135 1028 1203 notantes,
1041 1124 1103 1187 oul-

91 1217 165 1277 tellis
178 1217 239 1275 illas
253 1221 398 1291 ruperunt,
420 1215 562 1274 chartulas
575 1217 682 1274 insutas
696 1215 762 1274 inde
780 1216 967 1277 extrahentes.
1005 1215 1102 1291 Qubus

92 1306 230 1379 acceptis,
242 1303 410 1381 ¹Episcopus
433 1319 498 1361 cum
518 1301 668 1361 haereticis
689 1302 728 1361 ad
748 1302 887 1378 populum
909 1305 1011 1376 exiens,
1032 1301 1100 1359 suto

91 1390 202 1450 silentio
219 1390 364 1448 clamavit
390 1388 498 1447 valide:
527 1387 616 1447 Modo
644 1388 801 1463 prophetae
823 1392 911 1447 vestri
931 1387 1098 1466 ingrediantur

91 1479 196 1554 ignem,
220 1483 249 1535 et
270 1479 294 1534 si
314 1475 384 1532 laesi
404 1476 471 1534 non'
483 1475 595 1549 fuerint,
617 1474 731 1534 credam
753 1478 802 1534 eis.
843 1475 955 1535 Miseria
974 1473 1096 1550 trepidan-

92 1565 181 1637 tibus,
209 1570 237 1621 et
265 1562 438 1637 dicentibus,
465 1579 523 1620 non
551 1578 703 1636 possumus
724 1561 810 1620 modo
830 1563 951 1638 intrare,
976 1562 1093 1637 Episcopo

92 1653 243 1724 recitante,
265 1648 373 1707 malitia
395 1665 493 1707 eorum
515 1648 627 1707 detecta
648 1655 691 1707 est
710 1648 828 1724 populo,
853 1656 882 1708 et
902 1657 1010 1708 ostensa
1026 1658 1091 1722 cyro·
1143 1682 1146 1687 ·

92 1737 211 1814 grapha.
253 1736 335 1794 Tune
356 1737 481 1793 universi
501 1734 639 1809 fiorentes,
662 1735 768 1793 diaboli
788 1738 942 1811 ministros,
969 1752 1027 1795 cum
1042 1731 1089 1790 dt·

91 1825 159 1884 bolo
187 1826 216 1881 in
243 1824 357 1899 ignibus
386 1823 508 1880 aeternis
537 1821 719 1896 cruciandos,
746 1824 891 1898 inignem
923 1824 1089 1898 praeparatum

91 1913 278 1987 proiecerunt.
320 1907 425 1982 Sitque
453 1925 504 1984 por
524 1907 581 1967 Dei
601 1911 722 1984 gratiam
744 1915 774 1967 et
792 1909 927 1984 Episcopi
957 1906 1089 1967 industriam

92 1999 217 2056 haeresis
256 1995 433 2054 invalescens
476 2000 519 2053 est
544 1998 696 2070 exstincta,
724 2001 753 2054 et
780 1996 863 2070 plebs
892 1996 1005 2056 seducta
1028 1999 1090 2067 atqn

94 2091 234 2160 corrupta,
254 2100 307 2158 per
327 2084 531 2156 poenitentiam
552 2081 697 2140 mundata.

437 2270 668 2331 caeremon
691 2241 780 2330 xnr.

329 2395 377 2452 Do
398 2377 547 2452 haereticis
572 2393 710 2452 Coloniae
731 2393 894 2452 combustis.

159 2516 241 2575 Circa
265 2515 315 2574 illa
342 2522 472 2590 tempora
496 2515 549 2573 snb
571 2513 794 2590 Archiepiseopo
816 2515 965 2591 Reynaldo
988 2512 1099 2574 Coloniae

93 2605 188 2680 plures
209 2603 343 2661 haeretici
365 2609 430 2660 sunt
452 2601 647 2676 comprehensi
656 2598 692 2680 ³),
718 2605 765 2676 qui
787 2620 805 2660 a
826 2602 943 2661 literatis
964 2605 1028 2660 viris
1047 2615 1099 2659 era·

92 2693 191 2749 minati
213 2697 241 2748 et
262 2692 338 2763 vieti,
359 2686 436 2767 peri)
458 2689 592 2746 iudicium
614 2688 758 2748 saeculare
781 2688 907 2748 damnati
929 2700 1002 2747 sunt
1041 2687 1102 2744 Data

93 2795 161 2837 vero
191 2779 338 2851 sententia,
361 2793 425 2833 cnm
454 2774 576 2833 ducendi
598 2783 692 2833 essent
714 2775 751 2832 ad
777 2779 888 2852 ignem,
917 2784 990 2834 unns
1010 2775 1104 2833 illorum

93 2863 238 2922 Amoldus
266 2865 392 2935 nomine,
422 2879 507 2936 quem
536 2864 621 2920 ceteri
648 2864 814 2937 magistrum
841 2881 926 2920 suum
947 2862 1106 2933 fatebantur,

93 2953 166 3009 sieut
195 2955 381 3008 narraverunt
416 2951 464 3022 qui
498 2950 694 3023 interfuerunt,
729 2967 832 3023 panem
870 2956 898 3008 et
924 2949 1030 3024 pelvim
1054 2964 1107 3008 eum

95 3054 172 3111 aqua
194 3037 247 3094 sibi
270 3035 329 3093 dari
354 3038 461 3109 petivit.
505 3035 682 3110 Quibusdam
706 3036 866 3094 volentibus
894 3046 926 3092 ut
947 3035 1003 3094 hoo
1031 3036 1109 3107 fieret,

93 3126 146 3182 viri
160 3123 312 3197 prudentes
329 3122 522 3180 dissuaserunt
540 3122 678 3180 dicentes:
699 3120 815 3197 Aliquid
837 3121 902 3180 hinc
913 3119 932 3201 ⁵)
946 3123 1006 3180 fieri
1026 3127 1110 3198 posset

95 3227 179 3284 opere
192 3210 339 3283 diabolico,
363 3209 439 3282 quod
451 3208 566 3266 infirmis
580 3215 654 3267 esset
665 3211 694 3271 in
706 3209 882 3267 scandalum
904 3216 933 3266 ot
952 3211 981 3266 in
1004 3212 1112 3267 ruinam.

93 3294 293 3355 NOVICIUS:
316 3294 405 3353 Miror
419 3296 485 3370 quid
508 3295 632 3369 de'pane
655 3303 683 3353 et
706 3295 739 3353 de
749 3292 769 3374 ⁶)
791 3313 868 3369 aqua
879 3296 972 3353 facere
995 3296 1112 3355 voluerit

92 3381 324 3442 MONACHUS:
357 3381 437 3440 Sicut
471 3384 587 3440 eoniioio
620 3399 655 3440 ex
690 3383 784 3440 verbis
821 3382 972 3440 cuiusdam
1008 3383 1113 3441 alterins

93 3469 236 3542 haeretiei,
258 3471 305 3542 qui
320 3467 452 3526 antehoc
471 3471 619 3526 triennium
634 3486 652 3526 a
673 3468 923 3544 RegeHispaniae
936 3469 1112 3544 eomprehen-

110 3588 141 3657 ¹³
159 3583 866 3717 libilimitit&iilttiiltta
881 3585 1112 3720 ,illidit

161 3754 193 3768 -ν
213 3726 244 3794 4)
263 3725 282 3776 Β
302 3725 475 3775 examinati
493 3725 576 3775 victi
594 3732 667 3774 sunt
686 3734 716 3774 et
735 3739 797 3791 per.
816 3754 846 3764 —
866 3725 897 3792 5)
908 3724 992 3777 ACDP
1010 3725 1065 3776 lric.
1083 3751 1108 3762 -

158 3798 190 3868 6)
208 3796 244 3848 de
263 3811 302 3848 om
321 3793 370 3847 ΒΟ.
