2438 4170
116 108 200 213 ars
428 150 656 214 parmeno
679 149 832 230 eumen

120 272 235 350 quando
257 280 286 333 te
307 273 443 334 vocavit?
475 275 634 352 Respondit
651 274 787 335 daemon:
809 273 937 334 Tantum
956 290 992 333 ex
1010 271 1143 351 illaparte
1217 291 1219 301 ·

116 364 204 422 maris
224 362 279 435 fui,
309 368 448 437 quantum
476 363 513 422 ab
543 362 683 423 hocloco
706 362 906 437 mutusque
928 360 967 421 ad
986 378 1074 421 mare
1090 354 1096 366 '
1111 362 1145 421 Et

117 447 183 509 ideo
204 450 311 507 iustum
332 456 390 523 est,
412 451 495 508 utin
516 449 612 525 aliquo
633 466 750 509 munere
771 449 919 507 laboribus
941 450 1012 509 meis
1033 464 1145 525 respon·

118 535 197 595 deas.
238 534 292 593 Cui
313 535 406 594 miles:
430 535 505 612 Quid
526 535 591 595 vis?
622 535 782 612 Respondit
797 534 860 594 ille:
882 533 958 595 Volo
974 540 1004 595 et
1023 551 1100 612 rogo,
1119 542 1148 595 ut

119 621 170 682 des
191 622 259 681 milri
280 622 426 697 palliolum
443 620 459 704 ¹)
481 629 571 682 tuum.
613 622 737 683 Dicente
758 622 862 697 milite,
893 638 953 681 non
980 622 1034 681 tibi
1061 621 1148 698 dabo;

117 711 249 785 poposcit
271 709 424 786 cingulum,
446 709 548 769 deinde
570 727 655 769 ovem
677 727 765 769 unam
787 708 823 768 de
844 726 942 786 grege.
985 707 1067 784 Quae
1089 725 1149 769 cnm

117 798 213 855 omnia
240 802 373 872 negaret,
402 799 557 856 novissime
588 795 696 874 gallum
725 796 827 856 domus
857 797 918 855 eius
948 797 1058 871 petivit.
1100 794 1149 856 Cui

117 900 184 942 cum
205 881 319 958 diceret,
340 882 409 959 quid
431 900 503 958 opus
524 884 615 944 habes
636 883 712 960 gallo
734 882 822 942 meo‘?
848 882 996 958 respondit
1018 880 1149 942 daemon:

117 969 157 1030 Ut
179 977 274 1030 cantet
294 970 371 1028 mihi.
413 970 452 1029 Et
471 969 535 1030 ille:
557 969 708 1047 Quomodo
723 986 840 1044 caperes
862 968 953 1029 enm?
996 968 1151 1046 Respondit

118 1059 221 1116 iterum
251 1056 388 1117 daemon:
416 1057 482 1117 Non
503 1057 658 1117 solliciteris
681 1056 717 1117 de
739 1056 807 1131 hoc,
835 1062 867 1116 tu
888 1061 1002 1115 tantum
1029 1056 1068 1116 da
1087 1056 1152 1116 mibi

115 1144 204 1203 illum.
247 1144 328 1203 Tunc
356 1144 450 1203 miles:
483 1144 547 1221 Ego
576 1144 646 1203 nihil
675 1143 750 1203 dabo
779 1144 839 1203 tibi.
882 1143 921 1201 Et
949 1143 1067 1203 adiecit:
1098 1144 1152 1204 Dic

118 1231 203 1305 mihi,
234 1231 310 1290 unde
332 1233 448 1290 esttibi
469 1238 549 1291 tanta
569 1230 708 1291 scientia?
751 1229 832 1289 Dixit
853 1229 993 1289 daemon:
1025 1230 1102 1289 Nihil
1120 1230 1152 1290 fit

117 1317 184 1377 mali
212 1319 241 1375 in
269 1317 390 1392 mundo,
423 1318 501 1394 quod
530 1335 577 1377 me
603 1318 701 1377 lateat.
742 1317 781 1375 Et
808 1323 841 1375 ut
866 1316 923 1376 hoc
952 1319 1029 1376 scias
1054 1334 1151 1377 versun

117 1421 189 1478 esso,
211 1421 278 1463 ecce
299 1407 328 1463 in
349 1405 400 1463 tali
422 1405 491 1464 villa
513 1412 543 1464 et
554 1403 575 1485 ²)
603 1407 632 1463 in
659 1404 710 1464 tali
731 1403 817 1463 domo
849 1405 1045 1480 viginitatem
1074 1412 1150 1464 tuam

115 1490 270 1569 perdidisti,
290 1493 329 1551 ibi
338 1488 359 1570 ³)
382 1498 411 1551 et
431 1493 470 1550 ibi
489 1498 611 1568 peccata
631 1491 680 1550 illa
701 1497 730 1550 et
750 1490 799 1550 illa
820 1492 996 1550 commisisti„
1037 1490 1077 1549 Et
1096 1508 1150 1551 non

116 1570 209 1656 potnit
231 1579 424 1639 contradicere
445 1579 542 1653 miles,
575 1581 644 1654 quin
672 1595 772 1638 verum
794 1576 909 1637 diceret.
951 1575 1149 1639 NOVIOIUS:

117 1666 182 1726 Non
203 1672 289 1742 puto,
319 1668 386 1741 quin
408 1665 489 1725 miles
510 1664 664 1741 aliquando
687 1663 788 1724 eadem
810 1664 956 1723 consessus
977 1664 1063 1724 luerit
1082 1681 1149 1742 pec·

120 1760 192 1812 cata.
236 1751 387 1829 Quomodo
410 1769 477 1829 ergo
506 1755 578 1812 scire
606 1753 699 1828 potuit
728 1750 858 1811 diabolus
880 1750 1033 1811 consessa?
1076 1750 1148 1812 ΜΟ-

118 1839 291 1899 NACHUS:
324 1839 398 1915 Quia
428 1857 493 1898 cum
521 1839 668 1898 voluntate
695 1841 797 1898 iterum
818 1838 958 1914 peccandi
979 1838 1062 1898 miles
1083 1855 1149 1899 eon·

118 1927 211 1987 lessus
237 1927 303 2001 luit,
336 1926 441 1986 diaboli
461 1928 608 1985 seientiam
634 1928 663 1983 in
692 1924 769 1983 nullo
798 1928 907 1984 minuit
949 1923 1148 1986 NOVICIUS:

118 2013 219 2073 Placet
250 2013 327 2089 quod
349 2013 434 2088 diois,
467 2015 534 2089 quia
562 2012 638 2072 idem
667 2012 770 2070 dixisse
792 2008 853 2091 ιε’)
882 2011 978 2071 recolo
1000 2015 1030 2071 in
1052 2012 1147 2073 distin·

120 2103 213 2160 ctione
234 2103 318 2168 tertia
340 2100 463 2175 capitulo
487 2106 576 2159 sexto.
619 2097 855 2159 MONACHUS:
889 2098 1021 2175 Cumque
1042 2116 1147 2159 rursum

120 2186 250 2247 diabolus
271 2190 367 2246 neseio
390 2187 457 2262 quid
478 2187 643 2263 postularet,
665 2192 694 2245 et
715 2186 761 2245 ille
783 2182 884 2265 dare⁵)
906 2192 1048 2262 renueret,
1072 2187 1146 2263 quasi

120 2292 186 2333 eum
206 2291 305 2349 rapere
326 2274 413 2333 vellet
434 2281 462 2333 et
485 2273 648 2347 extrahere,
671 2291 788 2331 manum
810 2280 909 2333 contra
931 2290 997 2331 eum
1021 2273 1146 2346 extendit,

119 2368 206 2437 atque
219 2363 247 2418 in
262 2367 373 2419 tantum
394 2362 500 2434 terruit,
521 2367 554 2417 ut
566 2367 721 2419 retrorsum
743 2358 848 2419 cadens
869 2359 1014 2419 clamaret.
1045 2359 1146 2419 Audita

119 2451 180 2508 cius
202 2465 289 2522 voce,
321 2448 469 2524 Philippus
491 2448 625 2520 accurrit,
657 2450 686 2504 in
715 2449 795 2506 cuius
823 2445 951 2505 adventu
982 2447 1146 2522 phantasma

119 2554 186 2595 mox
208 2535 352 2610 disparuit.
395 2534 442 2593 Ab
465 2533 513 2592 illa
534 2535 605 2593 hora
620 2533 701 2592 miles
721 2533 799 2593 idem
820 2551 932 2609 semper
949 2534 1073 2609 pallidus
1092 2535 1145 2606 luit,

118 2626 247 2682 nantum
269 2622 392 2681 colorem
414 2639 560 2694 nunquam
581 2623 767 2696 recuperavit,
789 2620 968 2680 emendatius
989 2623 1096 2695 vivens,
1121 2626 1145 2679 et

121 2710 274 2770 daemones
297 2726 360 2768 esse
382 2709 508 2769 eredens.
551 2708 617 2768 Non
639 2715 682 2766 est
703 2708 760 2782 din,
783 2707 861 2783 quod
878 2706 1034 2768 defunctus
1055 2715 1104 2768 est.

481 2898 713 2959 CAPITULUM
734 2898 788 2957 III.

167 3025 215 3081 De
236 3022 392 3094 sacerdote,
416 3025 466 3097 qui
483 3041 540 3097 per
562 3021 713 3080 dietbolum
734 3039 753 3078 u
775 3023 884 3079 circulo
907 3028 1057 3080 extructus
1079 3028 1104 3078 et

348 3109 518 3184 confractus
542 3113 628 3167 tertio
650 3109 695 3166 dic
717 3115 854 3167 mortuus
876 3115 925 3166 est.

184 3247 294 3306 Eodem
315 3255 442 3323 tempore
464 3247 596 3306 sacerdos
619 3247 734 3322 quidam
757 3247 875 3306 stolidus
898 3245 1021 3305 emrdem
1043 3246 1147 3320 Philip-

120 3351 189 3408 pum
211 3337 322 3411 rogavit
343 3343 429 3410 atqrre
451 3337 656 3407 remuneravit,
678 3341 710 3391 ut
732 3336 786 3393 sibi
809 3334 962 3392 daemones
985 3333 1147 3392 ostenderet.

119 3420 148 3478 A
177 3438 321 3497 quocum
349 3423 462 3495 suisset,
491 3422 577 3480 modo
600 3421 778 3496 supradicto,
810 3423 838 3478 in
867 3421 972 3480 circulo
994 3423 1103 3495 positus
1123 3426 1147 3477 et

119 3509 280 3583 instructus,
302 3527 320 3567 a
342 3509 455 3568 diabolo
476 3511 588 3567 territus
611 3516 639 3567 et
661 3515 804 3567 extractus
827 3515 878 3582 est,
901 3514 988 3583 atque
1009 3510 1050 3567 ita
1071 3514 1147 3566 ante-

139 3660 169 3728 1]
185 3661 248 3714 nol>
267 3660 406 3728 pallium.
428 3691 457 3699 -
478 3660 509 3728 2)
527 3670 559 3711 et
578 3676 624 3711 om
643 3659 692 3712 BG.
712 3690 741 3700 —
771 3660 802 3727 3)
821 3659 863 3710 Bl)
882 3668 914 3710 et
940 3658 992 3709 ibi.
1011 3687 1044 3696 —
1063 3658 1094 3724 4)
1112 3654 1141 3708 Β(

187 3742 220 3784 tc
238 3731 379 3795 dixisse3
398 3730 471 3800 paulo
490 3739 548 3798 post
565 3731 597 3781 in
613 3746 654 3780 orn
672 3729 763 3781 ACDP.
785 3759 814 3768 -
835 3729 866 3796 5)
884 3728 962 3780 dare
980 3744 1020 3780 om
1038 3727 1067 3779 Β.
