2438 4170
91 243 130 302 52
417 240 646 303 Drsrmomo
663 241 793 303 PRIMA
831 262 837 273 ·

89 366 177 439 duxit,
199 380 235 422 ex
256 379 314 438 quo
335 363 454 440 angelus
466 364 583 424 Domini
603 364 740 441 pendenti
761 365 831 424 mihi
849 364 925 425 diem
946 367 1134 432 resolutionis

89 468 171 511 meae
192 450 345 526 praedixit3
367 453 426 510 scio
449 455 495 511 cui
516 452 636 527 credidi,
657 452 744 512 fidem
766 455 894 528 servavi,
917 470 1033 515 cursum
1057 475 1133 517 con·

89 541 245 614 summavi3
269 537 304 596 de
325 537 433 613 reliquo
455 541 579 615 reposita
601 546 645 598 est
665 539 735 598 mihi
757 557 863 599 corona
883 539 1054 623 iustitiae1).
1098 544 1132 604 si

90 643 125 686 ea
146 627 230 700 seria,
265 643 322 701 qua
343 626 487 700 praedixi,
520 632 586 685 ante
617 627 726 685 obitum
754 644 851 686 meum
878 644 937 686 non
967 629 1130 705 deposuero

89 713 215 773 officium
234 713 364 788 linguae,
386 715 435 770 vix
457 715 549 788 spatio
571 715 654 771 unius
676 716 780 772 missae
801 713 955 791 legendae,
977 733 1038 775 non
1059 718 1131 778 mibi

90 800 220 860 credatis.
262 799 300 857 Et
320 799 438 858 adiecit:
461 799 534 858 Cum
551 799 700 859 defunctus
712 797 733 879 ²)
755 801 844 874 suero,
865 803 1015 877 apparebit
1029 806 1068 883 jn
1082 821 1130 866 rna

90 886 165 946 unde
187 886 333 962 stupeatis,
355 892 384 944 et
398 886 510 946 divinae
524 889 619 945 virtuti
640 889 747 964 gratias
769 891 870 947 merito
891 890 1029 948 referatis.
1074 891 1129 952 His

90 974 181 1049 dictis,
203 980 305 1049 quarta
316 973 386 1032 teria
406 973 606 1033 hebdomadae
621 975 773 1049 paschalis,
796 975 964 1034 duodecimo
978 977 1129 1039 Kalendas

89 1062 168 1135 Maii,
189 1077 265 1120 anuo
279 1060 396 1118 Domini
409 1061 558 1119 millesimo
572 1063 726 1120 centesimo
742 1065 917 1138 octogesimo
932 1070 1046 1140 octavo,
1068 1065 1128 1125 sole

89 1149 223 1208 tendente
244 1146 282 1206 ad
304 1164 454 1220 occasum,
484 1154 584 1206 sancta
611 1147 660 1206 illa
682 1152 779 1207 anima·
800 1149 835 1207 de
858 1166 977 1224 corpore
998 1153 1127 1228 virgineo

90 1253 212 1314 egressa,
233 1236 367 1310 migravit
395 1235 433 1293 ad
454 1234 620 1292 Dominum.
663 1235 806 1294 Percussa
827 1237 941 1312 tabula,
972 1255 1039 1296 cum
1068 1245 1127 1298 tam

15 1329 17 1334 '
89 1322 190 1382 Abbas
212 1340 299 1398 quam
322 1323 407 1380 ceteri
428 1321 527 1380 babes
540 1318 567 1401 8)·
590 1320 640 1399 ad
655 1324 715 1380 eius
739 1324 888 1398 exsequias
911 1324 1126 1399 convolassent,

89 1416 119 1469 et
140 1426 259 1484 corpore
281 1414 429 1483 exportato
440 1404 462 1485 ⁴)
492 1406 530 1466 ad
558 1408 714 1466 lavandum
747 1409 890 1468 detectum
910 1410 1019 1486 fuisset,
1042 1428 1126 1472 sexus

88 1498 227 1556 semineus
249 1497 388 1571 apparuit
431 1494 513 1553 Tune
536 1496 668 1554 omnibus
689 1498 718 1553 iu
737 1502 881 1571 stuporem
895 1500 985 1556 versis
998 1499 1126 1558 miraculi

88 1586 224 1658 novitate,
245 1585 411 1641 nunciatum
433 1588 476 1641 est
490 1580 631 1640 sacerdoti
645 1582 906 1642 commendationes
921 1583 1038 1660 legenti.
1072 1585 1125 1662 Qui

90 1673 204 1748 cognito
227 1687 305 1745 sexu,
328 1676 437 1728 textum
459 1671 589 1743 mutavit,
612 1675 641 1728 et
662 1687 714 1744 pro
740 1671 881 1729 monacho
904 1671 1078 1731 monacham
1098 1678 1126 1733 et

89 1776 141 1835 pro
169 1759 254 1818 fratre
282 1774 409 1816 sororem
436 1757 601 1814 nominavit.
654 1756 761 1815 Postea
789 1774 856 1816 cum
882 1759 984 1817 brevia
1011 1775 1064 1835 pro
1092 1776 1125 1820 aa

90 1845 241 1905 scribenda
263 1851 372 1919 essent,
402 1849 431 1902 et
458 1860 562 1901 nomen
592 1845 652 1901 eius
681 1845 857 1919 ignorarent,
889 1846 943 1904 sub
965 1845 1016 1905 tali
1035 1845 1125 1906 forma

89 1936 196 2007 scripta
217 1938 301 1990 sunt:
329 1930 510 1989 Duodecimo
531 1929 678 1989 Kalendas
699 1931 770 1989 Maii
798 1932 869 1990 obiit
896 1932 1001 1991 ancilla
1023 1932 1125 1993 Christi

89 2023 118 2077 in
140 2019 291 2078 Sconavia
334 2018 446 2091 Elapsis
468 2017 577 2091 aliquot
599 2015 708 2092 diebus,
731 2035 797 2077 cum
817 2018 916 2078 iratres
932 2035 1038 2078 nomen
1051 2020 1124 2080 illius

88 2108 191 2165 beatae
220 2107 291 2164 scire
320 2104 529 2175 disederarent,
561 2104 699 2162 miserunt
730 2107 759 2163 in
787 2108 911 2164 vicinam
923 2102 943 2185 ὅ)
975 2106 1124 2182 Coloniae,

88 2192 165 2252 unde
188 2209 218 2251 se
241 2191 389 2251 oriundam
411 2190 535 2264 dixerat,
558 2196 674 2248 etcum
696 2192 823 2251 studiose
847 2195 1070 2269 obcumquaque
1090 2193 1124 2254 de

89 2282 150 2340 eius
173 2281 342 2355 cognatione
359 2280 570 2353 investigarent,
591 2284 662 2335 nutu
678 2278 772 2338 divino
787 2282 904 2338 inventa
926 2287 970 2338 est
984 2281 1124 2355 quaedam

88 2385 170 2440 anus,
193 2383 266 2441 quae
289 2382 320 2424 se
343 2362 432 2445 musi)
455 2372 607 2441 cognatam
627 2365 714 2425 luisse
728 2362 747 2446 ⁷)
771 2366 885 2440 diceret,
907 2384 1039 2426 asserens
1062 2385 1124 2427 eam

88 2448 335 2532 Hildegundemr)
358 2459 500 2511 vocatam.
545 2451 618 2510 Cum
639 2460 704 2511 ante
727 2454 781 2511 hos
797 2471 888 2512 annos
910 2462 1124 2514 consecraretur

88 2559 197 2601 novum
207 2537 228 2619 9)
259 2541 412 2598 oratorium
440 2541 469 2596 in
502 2538 659 2614 Soonavia,
693 2557 728 2598 ex
758 2540 877 2599 divorsis
906 2544 1061 2615 provinciis
1089 2540 1125 2600 ad

89 2628 297 2688 dedicationem
318 2626 417 2702 populi
439 2626 631 2700 confluentes,
660 2633 689 2685 et
715 2628 875 2702 praedictas
896 2629 1000 2686 beatae
1021 2628 1125 2688 Hilde-

88 2716 191 2792 gundis
212 2717 332 2774 virtutes
354 2712 509 2787 audientes,
530 2713 672 2771 tumulum
694 2716 754 2772 eius
775 2715 1039 2791 frequentaverunt,
1062 2734 1126 2775 ma-

88 2807 187 2862 tron'ae
216 2805 354 2876 maxime,
386 2803 491 2860 sanctis
521 2803 581 2859 eius
611 2803 785 2860 orationibus
815 2819 846 2860 se
879 2803 1125 2878 commendantes,

87 2891 241 2964 Deumque
263 2906 348 2964 super
370 2891 455 2947 tantis
471 2887 647 2947 mirabilibus
668 2888 868 2964 glorificantes.
889 2889 928 2946 Et
949 2906 1001 2948 nos
1023 2890 1127 2950 fratres

85 2994 156 3037 'cum
176 2977 230 3035 illis
251 2980 357 3052 gratias
378 2976 533 3034 reseramus
554 2975 698 3035 Salvatori
719 2982 832 3051 nostro,
854 2979 903 3051 qui
924 2976 997 3035 haee
1012 2974 1042 3057 ¹⁰)
1066 2977 1128 3037 fieri

88 3065 179 3123 voluit
200 3066 303 3122 nostris
325 3063 500 3138 temporibus
521 3065 551 3120 in
573 3061 670 3121 ordine
699 3069 811 3137 norbo,
841 3063 879 3120 ad
900 3063 1021 3139 gloriam
1043 3082 1129 3124 suam

89 3158 118 3210 et
139 3150 368 3209 aedificationem
389 3155 531 3224 nostram,
560 3151 608 3224 qui
629 3151 701 3209 vivit
717 3156 757 3226 ‚et
777 3156 878 3225 regnat
900 3168 965 3209 cum
986 3151 1076 3211 Patre
1099 3156 1130 3212 et

89 3239 194 3314 Spiritu
217 3244 316 3296 sancto
338 3239 367 3294 in
388 3236 505 3295 saecula
526 3237 714 3296 saeculourm.
757 3236 860 3296 Amen.

201 3359 304 3416 Omnia
325 3359 412 3417 borao
433 3361 567 3431 miretur,
588 3360 676 3417 borno
699 3358 772 3433 quid
790 3359 893 3435 feeerit
913 3361 966 3417 tete
980 3355 1022 3431 ¹¹),

200 3447 293 3517 Haec,
315 3449 398 3504 cuius
419 3446 503 3522 forsa
525 3450 633 3514 cineres
654 3446 773 3504 dulcuit
794 3453 822 3504 et
844 3462 919 3503 orsa.

109 3619 139 3684 1)
157 3615 219 3667 Tim.
237 3616 268 3679 ll,
286 3617 311 3679 d,
329 3616 353 3666 7.
372 3615 397 3666 8.
418 3643 448 3654 -
468 3614 500 3682 2)
517 3614 580 3668 BCD
599 3613 758 3666 defuncta.
778 3646 809 3655 -
829 3616 861 3682 3)
884 3615 1008 3666 iratres
1031 3631 1073 3667 orn
1097 3617 1129 3671 0.

159 3716 190 3726 -
211 3687 242 3751 1)
261 3684 281 3736 G
299 3692 439 3752 portato.
459 3714 489 3724 -
510 3686 541 3753 5)
560 3685 754 3737 tricinium.
777 3685 849 3736 Corui.
867 3685 924 3744 Vll,
942 3685 984 3736 58.
1003 3685 1065 3749 Vlll,
1083 3688 1129 3741 47.

160 3786 188 3794 -
203 3757 234 3821 6)
252 3754 272 3806 G
289 3754 432 3807 illius.-
452 3754 484 3820 7)
503 3754 608 3806 inissa
626 3770 666 3806 om
681 3753 708 3805 G.
722 3784 752 3794 -
766 3755 798 3823 8)
816 3754 857 3807 ct)
876 3753 1129 3824 llildegundam.

161 3856 191 3864 -
211 3826 243 3892 9)
261 3840 377 3878 novum
396 3840 437 3877 om
455 3824 484 3880 C.
504 3854 534 3864 -
556 3826 604 3893 10)
623 3823 643 3876 (l
660 3822 726 3875 boc.
746 3854 777 3864 -
798 3825 846 3893 11)
864 3823 883 3876 C
902 3829 974 3876 ista.
