2438 4170
99 250 161 311 ars
420 246 817 325 msrmcrroqumre

415 402 647 465 CAPITULUM
669 403 820 467 XXXIV.

139 528 187 586 Dc
210 526 366 584 {thiemone
386 528 484 598 milite,
507 544 574 584 cum
600 544 660 601 quo
682 526 817 585 diabotus
837 532 924 584 nocte
942 522 1070 584 aarum

370 613 481 685 tudens,
512 619 624 672 viscera
646 617 708 671 eius
730 617 862 672 excussit.

164 750 199 809 In
220 749 355 824 Susacia,
383 767 457 824 quac
480 753 581 809 civitas
603 757 646 809 est
666 751 814 810 Dioecesis
838 750 1021 824 Coloniensis,
1039 741 1098 805 milet
1152 746 1155 809 i

101 836 217 914 quidam
238 837 358 895 Thiemo
379 840 494 896 nomine
515 837 679 912 habitabat,
708 841 756 913 qui
778 840 819 897 sic
840 844 918 896 totus
941 837 1039 897 deditis
1057 833 1100 890 erat
1153 864 1155 869 ·

101 923 169 983 ludo
182 931 328 997 tessemm,
341 930 373 982 ut
386 941 444 983 non
459 924 512 999 die,
530 942 587 982 non
601 932 685 983 nocte
700 927 867 1001 quiesceret.
897 925 1010 1000 Semper
1022 933 1100 981 meco-

101 1012 161 1070 lnm
182 1029 248 1070 cum
268 1012 390 1069 nummis
411 1028 509 1070 secum
530 1013 663 1086 portabat
679 1009 710 1090 ¹),
739 1018 772 1069 ut
793 1029 892 1070 secum
913 1011 1008 1071 ludere
1025 1006 1101 1069 volen-

90 1099 175 1179 ,tibus
198 1099 334 1157 obviaret
376 1098 422 1156 Ita
443 1099 471 1154 in
493 1097 566 1156 ludis
589 1098 737 1173 expeditus
766 1105 794 1157 et
814 1099 975 1157 fortunatus
995 1104 1058 1170 erat,
1080 1093 1103 1146 ul

101 1187 149 1243 vix
170 1185 272 1259 aliquis
294 1186 331 1244 ab
359 1185 406 1242 illo
429 1187 490 1242 sine
512 1184 616 1245 damno
637 1185 791 1244 recederet.
834 1184 874 1244 Ut
896 1192 992 1244 autem
1010 1175 1103 1261 posuis

101 1271 302 1346 ostenderetur,
325 1277 463 1347 quantum
476 1271 540 1330 Deo
553 1272 625 1330 tales
646 1272 713 1344 ludi,
738 1274 766 1329 in
780 1273 883 1346 quibus
897 1275 966 1347 irae,
989 1258 1104 1342 haitid),

99 1361 177 1417 rixae
199 1364 228 1417 et
249 1358 354 1416 damna
374 1361 560 1431 suscitantur,
589 1361 757 1432 peccatique
778 1360 868 1417 verba
889 1365 1030 1433 rotantur,
1054 1369 1105 1415 con·

99 1447 177 1504 trarii
196 1446 302 1517 forent,
331 1448 499 1521 permissum
522 1452 566 1504 est
587 1445 717 1519 diabolo,
746 1451 778 1503 ut
800 1463 866 1504 cum
889 1463 923 1504 co
945 1445 1051 1505 luderet
1071 1438 1107 1516 qui

100 1531 195 1590 multis
223 1532 365 1606 illuserat,
394 1539 481 1606 atque
503 1534 673 1590 evisceraret
702 1535 750 1608 qui
779 1531 934 1591 multorum
955 1521 1107 1604 marsubis³)

99 1625 298 1678 evacuaverat.
340 1619 431 1679 Nocte
449 1619 573 1693 quadam
596 1619 712 1678 domum
733 1622 793 1677 eius
815 1621 843 1677 in
866 1622 963 1694 specie
986 1617 1110 1678 cuiusdam

98 1706 196 1766 ludere
223 1706 344 1765 volentis
371 1708 493 1773 intrans,
525 1706 735 1780 saccellumque
764 1708 888 1764 nummis
915 1707 1048 1766 refertum
1071 1702 1111 1765 suh

78 1846 80 1848 ,
98 1793 204 1853 ascella
220 1800 345 1868 portans,
366 1792 404 1851 ad
425 1793 554 1851 tabulam
572 1793 653 1865 sedit,
676 1793 805 1851 denarios
821 1792 976 1852 liberaliter
993 1792 1115 1869 apposuit,

98 1888 219 1938 tesseres
239 1882 364 1953 iactavit,
389 1885 418 1938 et
439 1882 595 1954 acquisivit.
629 1879 693 1936 Oui
714 1897 779 1939 cum
800 1897 937 1954 prospere
959 1881 1117 1952 succederet,

98 1973 127 2024 et
154 1967 235 2024 mihti
260 1970 318 2025 iam
346 1968 468 2041 pecunia
497 1984 585 2041 quam
612 1972 768 2040 apponeret
790 1966 940 2042 defuisset,
969 1969 1056 2026 iratus
1075 1967 1117 2025 ait:

97 2053 242 2127 Numquid
261 2070 319 2111 non
338 2053 467 2111 diabolus
491 2051 595 2111 estu?
627 2053 665 2110 Et
685 2052 747 2112 ille:
769 2053 852 2111 Nunc
866 2057 937 2112 satis
953 2060 1005 2128 est,
1026 2069 1119 2131 appro-

95 2141 214 2214 pinquat
235 2142 309 2198 enim
331 2148 442 2214 tempus
464 2139 637 2213 matutinale,
658 2145 770 2214 oportet
790 2157 843 2198 nos
865 2143 914 2198 ire.
959 2141 1121 2216 Tollensque

96 2226 190 2300 illum,
211 2244 262 2300 per
282 2234 390 2285 tectum
411 2229 509 2300 traxit,
532 2230 611 2284 cuius
632 2230 743 2284 viscera
764 2227 866 2301 tegulis
891 2221 1121 2305 retrahentibus)

96 2314 292 2371 miserabiliter
314 2316 444 2371 excussit.
486 2314 524 2370 Et
552 2313 620 2387 quid
647 2313 682 2371 de
712 2317 772 2372 eius
802 2331 919 2388 corpore
950 2316 1123 2386 factumst,

96 2400 143 2458 vel
163 2402 191 2457 in
214 2416 299 2474 quem
320 2401 415 2459 locum
436 2400 506 2461 illud
527 2403 688 2475 proiecerit,
718 2419 808 2475 usquc
829 2401 915 2458 hodic
945 2409 1006 2460 tam
1035 2400 1124 2462 afilio

96 2489 156 2545 eius
169 2484 189 2564 ⁵)
213 2504 338 2560 quama
366 2490 465 2545 ceteris
494 2490 541 2560 qui
563 2487 642 2544 illum
663 2496 816 2559 noverant,
844 2491 1001 2562 ignoratur.
1044 2489 1125 2546 Mane

95 2590 162 2631 vero
185 2576 325 2632 viscerum
348 2577 407 2632 cius
429 2574 564 2648 reliquiae
586 2575 688 2649 tegulis
703 2575 881 2632 inhaerentes
904 2582 1036 2649 repertae
1057 2581 1126 2648 sunt,

94 2667 122 2719 et
148 2663 176 2717 in
207 2663 341 2719 cimiterio
371 2661 507 2734 sepultae.
556 2661 636 2718 Bene
667 2661 796 2719 diabolus
825 2679 894 2718 suos
923 2665 1069 2722 ministros
1098 2663 1125 2718 in

93 2747 147 2806 lroc
169 2748 275 2806 mundo
298 2750 364 2806 sinit
384 2750 553 2822 prosperari,
576 2765 647 2822 quos
670 2765 781 2822 semper
803 2750 831 2805 in
853 2748 910 2806 fine
933 2749 1048 2825 decipit.

416 2937 647 2998 CAPITULUM
668 2940 802 2997 XXXV.

112 3059 160 3116 Dc
180 3059 303 3131 homine,
327 3063 378 3134 qui
399 3063 431 3117 iu
453 3060 578 3118 Susucc'u
600 3057 680 3139 spcfi)
704 3059 814 3118 dioboli
836 3063 870 3118 dc
895 3067 974 3121 turri
995 3065 1106 3123 suttune

501 3148 637 3221 diruptus
667 3155 715 3205 cst.

153 3268 187 3326 In
210 3269 329 3327 earrdem
353 3271 511 3342 civitatem,
540 3271 613 3325 sicut
635 3268 703 3324 mihi
725 3268 819 3326 retulit
841 3271 978 3344 magister
1001 3269 1125 3329 Gouma-

89 3372 145 3427 ruS,
167 3358 210 3413 vir
232 3355 379 3431 religiosus
402 3363 430 3414 et
452 3357 543 3413 sancti
564 3355 687 3412 Patrocli
710 3358 877 3428 carronicuS,
900 3357 987 3413 homo
1012 3357 1124 3432 quidam

87 3444 201 3516 ignotus
224 3445 316 3515 venit,
346 3443 442 3499 dicens
465 3460 495 3500 se
518 3442 592 3500 vello
614 3442 717 3509 saltare
740 3442 775 3499 de
798 3444 867 3498 turri
889 3447 982 3501 sancti
1003 3443 1125 3517 Juliani,

88 3546 161 3602 quae
184 3529 304 3586 multum
328 3537 370 3586 cst
392 3529 535 3602 sublimis,
560 3531 584 3586 si
606 3536 702 3586 tamen
724 3528 831 3602 aliquid
855 3546 890 3586 ex
912 3530 968 3588 hoc
991 3533 1126 3606 consequi

105 3661 135 3728 1)
153 3659 194 3711 BC
213 3660 347 3710 ferebat.
362 3691 393 3698 -
408 3662 439 3728 2)
458 3662 477 3713 C
495 3660 653 3712 invidiae.
669 3662 745 3730 -3)
764 3661 804 3713 BU
822 3665 997 3729 marsupia.
1013 3694 1044 3702 —
1064 3663 1125 3730 QG

155 3729 415 3780 extrahentibus.
429 3732 502 3797 -5)
516 3734 586 3781 eius
600 3747 639 3781 om
653 3731 700 3782 BC.
714 3761 744 3770 -
760 3732 887 3798 eJHomit.
901 3733 919 3782 l.
933 3750 957 3798 p.
971 3734 1020 3784 76:
1034 3748 1124 3798 „prac-

149 3808 249 3852 sentem
261 3800 400 3853 homeliam
412 3800 443 3853 de
455 3803 556 3853 nomine
567 3801 655 3866 Verbi,
670 3818 715 3868 spe
726 3801 803 3852 Verbi
818 3801 974 3853 tractandam
991 3805 1114 3869 suscepi.“
