2460 4162
98 206 157 266 128
412 203 639 265 DISTINCTIO
660 203 808 265 TERTIA

96 333 207 405 posset,
236 325 318 385 alteri
339 325 452 385 cuidam
473 327 528 385 sibi
547 325 678 385 familiari
699 326 782 402 dixit3
810 327 909 401 sicque
928 342 981 401 per
1002 342 1073 387 eum
1093 326 1132 387 nd

95 417 232 477 notitiam,
245 415 331 471 totius
353 413 506 488 parochiae
527 416 664 489 pervenit.
706 412 792 472 Anno
815 412 927 489 expleto
941 410 970 492 ¹),
993 412 1133 475 sacerdos

96 519 154 560 non
176 506 220 558 est
240 506 384 574 mortuus,
417 506 446 558 et
471 502 604 558 inventus
633 506 677 558 est
702 500 791 559 salsus
819 499 959 575 propheta
987 499 1131 561 diabolus.

97 587 135 646 Et
157 588 223 662 quia
244 586 340 644 electis
362 589 457 645 omnia
479 593 668 662 cooperantur
688 589 717 644 in
739 583 889 665 bonum²);
910 588 938 644 in
961 603 1006 662 eo,
1026 589 1131 663 inquo

98 676 140 732 vir
161 678 277 731 sanctus
291 672 442 731 ridebatru
463 673 607 732 adiabolo
631 673 775 748 deceptus,
797 680 840 732 est
849 679 1006 749 promotus
1037 673 1132 733 Nimis

96 762 171 820 enim
193 760 228 818 de
242 767 301 817 tarn
324 758 424 818 dolosa
445 762 683 819 circumventione
706 760 884 834 erubescens,
905 759 1130 835 propterhomi·

95 865 162 921 nes,
194 846 233 905 ad
254 863 326 921 quos
347 848 466 905 verbum
488 853 670 922 pervenerat,
698 863 752 905 nec
773 845 883 905 habens
904 846 980 906 unde
1002 849 1130 921 viveret,

95 934 242 992 saeculum
264 950 329 991 cum
349 934 486 1008 parochia
508 934 643 1007 deseruit,
665 935 743 991 etin
765 933 890 1007 quadarn
911 932 998 992 domo
1021 932 1131 995 ordinis

95 1023 198 1094 nostri,
221 1022 300 1078 euius
321 1037 426 1078 nomen
447 1020 565 1095 excidit,
587 1037 618 1078 se
641 1022 787 1079 convertit
829 1020 919 1078 Facto
942 1037 976 1079 eo
998 1021 1130 1095 novicio,

95 1111 197 1166 iterum
218 1105 348 1165 diabolus
370 1106 457 1180 affuit,
482 1113 510 1165 et
531 1106 692 1165 huiusmodi
713 1106 808 1165 verbis
829 1092 1008 1181 praedictum
1028 1105 1131 1167 dolum

95 1194 235 1270 palliavit:
278 1192 322 1251 Ne
344 1194 473 1266 turberis,
494 1195 593 1267 iuquit,
613 1193 700 1251 homo
721 1193 776 1250 Dei
785 1189 815 1271 ³),
837 1192 914 1265 quod
926 1199 1056 1252 mortuus
1070 1209 1130 1253 non

96 1298 135 1356 es,
155 1288 188 1338 ut
208 1280 343 1355 praedixi,
365 1278 523 1353 quiaDeus
545 1297 598 1338 sua
617 1279 796 1354 providentia
816 1282 905 1337 vitam
926 1286 1007 1339 tuam
1020 1278 1132 1339 drmit

96 1367 134 1426 ad
160 1367 313 1425 multorum
341 1365 575 1424 aedificationem.
617 1366 723 1441 Missus
752 1383 816 1424 sum
848 1366 885 1424 ab
914 1366 979 1439 illo,
1011 1372 1043 1424 ut
1075 1366 1131 1425 tibi

95 1456 242 1527 assistam,
273 1456 409 1511 instruam
438 1460 467 1511 et
488 1451 655 1511 custodiam.
697 1452 736 1510 Et
758 1451 876 1511 credidit
896 1454 922 1510 ei
942 1452 998 1511 iile.
1042 1451 1129 1513 Circa

96 1557 182 1616 quem
204 1540 335 1599 diabolus
355 1539 516 1613 frequenter
536 1540 713 1613 versabatur,
735 1545 764 1596 et
785 1556 910 1614 semper,
932 1542 1007 1598 sicut
1026 1544 1131 1614 poster

96 1629 220 1702 notavit,
249 1627 287 1686 ad
314 1643 349 1685 ea
378 1643 452 1700 quae
480 1625 518 1684 ad
547 1625 728 1684 commodum
756 1632 836 1699 sunt,
863 1642 929 1684 eum
950 1625 1130 1685 hortabatur.

98 1715 170 1773 Cum
193 1731 259 1773 eum
279 1715 374 1772 servor
396 1713 568 1788 quandoque
588 1711 746 1789 impelleret
766 1711 888 1786 amplius
909 1728 999 1785 orare,
1023 1711 1131 1789 vigiln-

98 1819 137 1876 re,
159 1804 220 1860 sive
242 1802 374 1860 manibus
394 1800 533 1874 laborare,
554 1802 646 1875 arguit
667 1816 733 1857 eum
753 1795 828 1878 ille⁴j
852 1798 963 1858 dicens:
984 1798 1129 1859 Discrerio

97 1895 188 1947 mater
208 1890 345 1946 virtutum
367 1894 418 1945 est.
460 1887 519 1945 Diu
541 1886 635 1945 adhuc
656 1887 761 1961 poteris
781 1887 893 1958 vivere,
925 1891 955 1943 et
981 1883 1048 1944 ideo
1076 1885 1130 1945 tibi

100 1974 188 2033 debes
209 1990 342 2049 parcere,
367 1980 400 2031 ut
427 1976 520 2047 possis
546 1972 611 2031 Dco
634 1973 681 2031 diu
702 1974 816 2031 servire.
860 1970 981 2048 Quando
1001 1970 1129 2048 lapidem

98 2062 193 2120 levare
214 2061 333 2120 volebat
354 2061 505 2133 maiorem,
533 2062 635 2117 iterum
658 2059 783 2119 dicebat:
814 2058 904 2118 Nimis
925 2076 1048 2135 magnus
1069 2064 1129 2133 est,

98 2148 163 2206 leva
183 2150 278 2206 istum.
322 2145 394 2204 Cum
415 2145 507 2204 sactus
529 2138 604 2204 esset
624 2144 790 2218 monachus,
811 2148 851 2204 ait
871 2145 925 2203 iili:
947 2144 1128 2221 RogaPrio·

96 2251 164 2308 rem,
185 2242 218 2292 ut
239 2232 378 2293 concedat
398 2232 449 2289 tibi
470 2235 510 2290 ire
532 2233 570 2290 ad
590 2232 747 2308 singulares
757 2231 878 2304 labores,
900 2232 1128 2307 quatenuslibe-

96 2323 153 2380 rius
163 2317 183 2399 ⁵)
205 2323 247 2379 uti
267 2321 360 2395 possis
381 2336 446 2377 mco
469 2318 618 2393 colloquio,
641 2325 670 2377 et
691 2335 744 2394 ego
766 2325 826 2377 tuo.
868 2319 906 2376 Et
926 2318 1127 2379 licentiavitd

96 2408 190 2481 Prior,
220 2414 253 2465 nt
281 2423 398 2464 causam
426 2409 568 2481 cognovit.
609 2406 701 2464 Nocte
729 2406 854 2480 quadam
874 2405 974 2464 volens
996 2404 1128 2465 diabolus

96 2494 194 2554 dolum
215 2494 264 2552 diu
283 2489 535 2571 praetractatum⁵)
558 2493 715 2567 perducere
736 2492 774 2549 ad
796 2493 936 2566 effectum,
956 2495 1128 2568 intempesta

96 2588 180 2641 nocte
201 2581 365 2639 adlectum
386 2579 519 2638 monaehi
541 2581 678 2651 accessit,
706 2581 833 2637 excitans
859 2596 925 2638 eunr
955 2585 984 2637 ct
1012 2578 1127 2639 dicens:

96 2668 196 2745 Surge,
216 2669 358 2726 Dominus
379 2666 441 2724 vult
461 2682 641 2725 remunerare
662 2664 775 2724 labores
796 2672 861 2724 tuos
882 2682 1010 2741 magnos.
1042 2664 1128 2725 Vade

97 2756 134 2815 ad
156 2772 298 2814 cameram
319 2756 474 2829 privatam,
502 2758 530 2811 et
556 2754 586 2810 iu
614 2753 664 2811 tali
692 2754 772 2810 trabe
800 2769 874 2811 zona
895 2760 945 2810 tua
966 2751 1128 2827 suspendas

97 2849 133 2916 te,
154 2850 187 2900 ut
207 2845 247 2900 sic
269 2848 422 2916 martyrem
444 2842 561 2915 recipiat
582 2847 619 2898 tc.
662 2831 769 2898 Audito
792 2839 848 2898 hoc
869 2840 957 2898 verbo
968 2837 1128 2899 monachus

96 2931 219 3005 expavit,
241 2934 271 2986 et
291 2935 390 2985 contra
412 2926 556 2985 diabolum
579 2926 703 2984 crebrius
725 2943 839 3001 spuens,
861 2925 1008 2984 clamavit:
1030 2925 1128 2985 Reco-

96 3015 140 3090 de,
161 3017 265 3089 inique,
287 3031 306 3071 a
326 3030 381 3085 mc,
401 3014 519 3088 reccde;
541 3012 627 3072 modo
648 3013 716 3070 nori
739 3015 801 3087 quis
822 3015 869 3070 sis.
900 3012 939 3069 Et
959 3014 1077 3088 signans
1087 3029 1129 3087 su,

94 3103 204 3178 fugavit
224 3101 312 3158 illurn.
355 3098 444 3157 Vides
467 3105 576 3174 quanta
596 3102 633 3158 sit
661 3102 736 3157 circa
763 3116 816 3157 nos
843 3098 993 3157 clementia
1021 3098 1128 3159 divine

94 3190 175 3248 Bene
195 3188 323 3263 permisit
343 3193 376 3243 ut
396 3203 511 3244 servum
532 3203 617 3244 suum
639 3185 768 3244 diabolus
790 3189 819 3243 in
840 3186 933 3258 bono,
960 3185 1028 3257 licet
1055 3187 1129 3244 insi·

95 3275 181 3349 diosc,
202 3273 342 3333 subtiliori
361 3275 555 3348 propositione
577 3276 758 3347 exercitaret3
780 3272 871 3330 noluit
891 3279 988 3330 tamen
998 3278 1031 3330 ut
1040 3288 1129 3348 gros·

111 3423 366 3496 iJPcompieto.
389 3453 417 3462 -
445 3425 476 3491 2)
495 3423 565 3474 Rom.
584 3425 618 3485 8,
645 3424 687 3475 28.
707 3453 737 3461 -
766 3423 930 3489 3)Deiom
949 3424 976 3475 Ρ.
996 3454 1026 3463 -
1056 3424 1129 3493 4)6

161 3495 315 3547 illeeurn.
335 3524 365 3532 -
394 3494 622 3561 5]Buberius.
643 3524 673 3532 -
703 3493 734 3559 6)
752 3492 812 3544 oct>
828 3502 1038 3560 protractum.
1075 3494 1128 3547 Vri.

161 3565 186 3618 S.
213 3563 358 3632 Engelbert.
377 3563 411 3625 ti,
435 3564 458 3614 1.
481 3563 548 3628 apud
571 3563 702 3614 Boehmer.
727 3564 751 3612 in
774 3563 845 3614 Font.
868 3563 926 3614 Rer.
949 3565 1031 3616 Germ.
1050 3563 1080 3615 ΙΙ.
1100 3581 1128 3633 p.

160 3635 226 3687 307:
247 3643 337 3700 „atque
355 3632 413 3683 inde
431 3634 520 3683 coniici
538 3641 631 3698 potest,
648 3631 697 3682 hoc
714 3631 870 3700 sacrilegium
889 3641 999 3685 nonium
1010 3635 1129 3701 primum,

161 3720 217 3755 cnm
235 3703 375 3770 Episcopus
391 3705 488 3753 occisus
506 3711 554 3765 est,
572 3702 648 3753 inisse
666 3710 829 3768 conceptum,
856 3702 900 3753 sed
919 3702 961 3755 diu
978 3712 1129 3771 praetu-

160 3776 278 3825 ctctum.“
314 3773 355 3826 Sic
372 3774 438 3824 enim
456 3771 588 3841 legendum
606 3786 653 3839 pro
670 3779 918 3838 pertractatum.
