2438 4170
394 240 450 303 DE
472 240 775 304 (ΒΟΙᾸΠῑΕδὸΙΟΝΈωΙ
1027 242 1086 300 141

71 362 141 439 ione,
160 364 246 425 timor
267 371 422 441 conceptus
444 368 540 441 coepit
559 372 714 443 tepescere,
735 370 765 424 et
779 360 796 444 ¹)
826 362 997 424 verecundia
1026 379 1090 423 cre-

71 466 150 525 tecro,
176 454 206 511 in
226 457 397 526 tantumque
424 460 467 511 est
493 455 691 513 erubescentia
718 454 826 525 victus,
847 457 880 509 ut
901 468 968 510 cum
987 448 1091 509 Abbas

71 539 191 613 emisset,
210 538 282 597 nihil
302 540 328 597 ei
350 539 541 598 confiteretur.·
580 538 682 599 Abbas
703 554 844 597 veronen
857 540 1006 596 immemor
1027 536 1090 596 cul-

71 638 118 699 pae
141 626 195 685 sibi
223 625 384 699 confessae,
414 643 479 684 cum
508 625 545 684 ad
567 627 774 685 consessionem
794 641 853 684 nou
873 627 984 683 veniret
1004 640 1091 698 quem

74 710 185 785 quotidie
206 712 391 788 exspectavit,
412 715 548 789 cogitavit
569 713 788 790 diligentissime,
811 711 930 786 qualiter
949 710 1024 770 male
1045 710 1091 769 la-

77 802 167 857 tutem
186 800 338 859 salubriter
359 798 591 875 deprehenderet
633 800 839 874 Praecepitque
860 800 913 856 toti
930 798 1093 871 conventui,

81 884 255 945 acerdotibus
271 892 300 944 et
311 882 331 965 ²)
354 885 459 944 ordinis
470 887 608 945 interieris
622 888 698 946 sanis
709 882 765 965 eti)
787 885 913 959 infirmis,
934 890 966 942 ut
985 900 1093 959 omnes,

83 972 158 1031 rucio
188 974 218 1031 in
252 988 310 1049 qua
337 972 542 1047 sollemnitate,
575 972 613 1032 ad
645 976 737 1039 maius
776 972 865 1030 altare
898 973 1092 1030 communica-

86 1063 138 1115 rut
174 1058 276 1119 Visum
287 1065 331 1118 est
343 1061 377 1132 ei,
399 1059 477 1134 quod
494 1077 676 1135 nequaquam
698 1057 815 1118 auderet
836 1057 973 1117 accedere
982 1056 1005 1139 ⁴)
1026 1074 1092 1117 reus

89 1140 203 1220 deulpa
223 1145 279 1204 illa.
323 1144 489 1221 Sedensque
512 1154 610 1206 contra
631 1146 733 1220 altare,
755 1147 880 1220 respexit
901 1144 938 1203 ad
960 1163 1011 1204 ora
1031 1146 1092 1204 sin·

90 1226 200 1305 fidormm
242 1229 420 1291 Adolescens
440 1250 518 1307 vero,
539 1234 731 1310 hocpropter
752 1249 783 1291 se
802 1233 909 1291 factum
929 1239 1042 1308 putans,
1064 1236 1093 1290 et

91 1316 337 1392 docsubtraheret,
358 1321 450 1378 notari
470 1323 581 1395 timens,
603 1338 668 1380 cum
683 1322 781 1378 ceteris
795 1321 924 1378 accessit
957 1319 1093 1395 Quicum

92 1405 280 1480 [ropinquasset
300 1404 395 1480 altari,
424 1412 519 1465 tantus
542 1425 608 1466 eum
628 1407 728 1465 horror
748 1407 866 1479 invasit,
892 1412 989 1465 tantus
1009 1407 1094 1464 timor

92 1490 191 1565 perculit,
210 1498 243 1550 ut
265 1489 322 1572 ομ)
343 1499 577 1567 praesumtuosus
599 1500 742 1553 vetaretur
763 1492 931 1568 procedere,
964 1498 992 1553 et
1014 1493 1094 1552 ocius

94 1577 279 1652 compelleretur
291 1578 390 1638 redire.
432 1580 616 1655 Veniensque
629 1580 667 1639 ad
677 1579 832 1654 Abbatem‚
852 1580 919 1638 iecit
934 1581 960 1638 ei
980 1581 1094 1656 siguum

95 1662 256 1724 ouieuionis.
306 1665 362 1741 Qui
393 1665 521 1742 gaudens
551 1673 580 1750 et
609 1666 769 1740 exsultans,
803 1665 917 1725 dicebat
946 1667 1020 1724 intra
1048 1680 1094 1725 so:

95 1742 138 1825 dt,
153 1758 221 1810 certe
243 1756 370 1829 cepimus
384 1753 514 1828 bestiam,
534 1756 694 1812 invenimus
708 1751 853 1829 praedam,
874 1755 927 1810 iste
949 1755 1025 1812 enim
1043 1756 1095 1810 est

95 1830 239 1915 Flurgens
260 1841 375 1898 intravit
396 1857 505 1899 cumeo
520 1840 690 1917 Capitulum.
734 1838 821 1897 Cuius
841 1839 963 1915 pedibus
983 1839 1094 1898 iuvenis

97 1928 229 1999 mutatus,
250 1925 316 1986 iecit
337 1926 502 2002 depeeeato
518 1928 732 2000 confessionem,
753 1926 848 1984 retulit
859 1928 1006 2001 visionem,
1027 1943 1094 1984 sus·

98 2010 152 2083 epit
164 2014 371 2087 poenitentiam.
414 2013 518 2090 Sieque
538 2032 590 2090 per
602 2014 783 2090 prudentiam
803 2012 906 2071 medici
918 2012 1094 2072 denudatum

98 2105 123 2151 tt
136 2104 251 2157 senatum
272 2107 316 2159 est
327 2099 431 2159 vulnus
448 2101 542 2160 stolidi
562 2103 678 2178 aegroti.
720 2100 802 2158 Haec
823 2101 906 2158 nobis
927 2099 1023 2159 retulit
1037 2098 1094 2158 do·

98 2178 165 2239 minus
183 2182 329 2245 Gevardus
349 2185 452 2246 Abbas
480 2195 591 2263 noster,
611 2188 722 2247 rediens
751 2187 786 2245 de
809 2186 940 2263 Capitulo
962 2185 1094 2263 generali.

99 2258 264 2331 liutius
295 2272 436 2350 Magnum
468 2274 575 2334 donum
596 2276 652 2334 Dei
675 2280 731 2348 est,
764 2273 841 2349 quod
863 2276 903 2332 sic
925 2275 1028 2332 mortui
1049 2275 1096 2331 vi-

100 2351 279 2417 vulertantur
292 2360 330 2419 ad
352 2362 566 2421 consessionem.
594 2360 829 2421 MONAOHUS:
852 2360 977 2419 Tantum
989 2361 1097 2419 bonum

101 2441 281 2535 ‘fitoniessiu
302 2453 334 2505 ut
349 2450 434 2506 etiam
457 2443 520 2529 eo⁶)
543 2455 658 2507 utantur
679 2451 792 2523 spiritus
806 2454 991 2506 mortuorum.
1023 2447 1096 2506 Sae-

100 2532 144 2593 tou
158 2535 262 2608 percepi
283 2540 411 2593 mortuos
432 2537 505 2593 vivis
527 2537 693 2611 apparuisse
713 2537 743 2592 in
765 2537 886 2608 somnis,
912 2542 941 2593 et
962 2535 999 2592 ob
1023 2550 1097 2609 quae

100 2618 189 2679 luctu
198 2618 386 2679 detinerentur
406 2623 435 2680 iu
456 2624 564 2697 poenis,
587 2623 731 2682 confessos
751 2622 847 2695 fuisse,
869 2627 897 2679 et
919 2621 1021 2695 quibus
1042 2620 1097 2680 be-

100 2692 297 2765 ntfloiisliberari
317 2714 443 2783 possent,
464 2712 603 2768 veraciter
612 2709 762 2767 indicasse.
796 2706 880 2783 Quod
893 2714 995 2782 postea
1011 2724 1097 2766 vera-

101 2776 159 2845 ‘ffllt
175 2792 255 2868 signis
275 2795 429 2869 probatum
452 2802 502 2854 est.
546 2795 692 2854 Similibus
714 2797 790 2853 enim
812 2796 913 2853 similia
926 2791 945 2874 ⁷)
969 2811 1097 2870 congau-

100 2858 155 2945 Μ
171 2881 231 2951 quia
246 2897 349 2956 eorpus
361 2881 525 2940 dormientis
539 2884 683 2942 modicum
698 2882 784 2940 distat
804 2900 822 2940 a
837 2887 957 2955 mortuo,
979 2887 1007 2940 et
1029 2881 1098 2939 dum

99 2942 163 3019 lonc
180 2969 295 3035 exterior
316 2969 448 3044 quiescit,
475 2971 590 3029 interior
611 2987 697 3044 saepe
720 2969 862 3028 efficacius
883 2968 990 3045 vigilat.
1032 2968 1098 3027 Non

100 3046 184 3135 limpor
193 3056 302 3112 somnia
312 3062 380 3114 sunt
390 3074 473 3130 vana,
496 3055 547 3115 sed
557 3074 762 3132 nonnunquam
774 3056 961 3115 revelationes
976 3055 1098 3130 divinae,

100 3132 154 3187 “illl
174 3134 257 3199 habes
286 3139 322 3200 de
348 3141 460 3217 Joseph
488 3143 670 3217 Patriarcha,
700 3143 735 3201 de
757 3143 894 3217 Daniele,
923 3142 958 3201 de
986 3142 1098 3219 Joseph

100 3218 179 3280 'liuto
196 3224 303 3287 Mariae
333 3235 362 3287 et
390 3228 426 3288 de
457 3231 547 3288 tribus
568 3225 702 3308 Magis⁸).
751 3228 953 3289 NOVICIUS:
985 3228 1099 3289 Vellem

99 3294 151 3397 ”lli
171 3309 258 3387 aliquo
288 3313 474 3375 demonstrari
495 3317 639 3392 exemplo,
673 3316 750 3393 quod
782 3319 894 3392 spiritus
922 3323 1099 3375 mortuorum

99 3388 213 3458 unitus
233 3401 422 3460 confiteantur
441 3405 581 3462 vivorum.

112 3576 226 3651 ¹)0torn
243 3600 293 3654 Bc.
313 3632 343 3643 -
372 3605 510 3674 2)etom
530 3606 558 3657 Β.
578 3635 608 3644 -
637 3606 849 3674 3)etuddBC.
869 3636 899 3646 -
919 3605 1098 3673 l)Paece-
1179 3668 1183 3673 ⁵

151 3659 215 3745 tl'tre
230 3671 373 3725 auderet.
395 3705 424 3715 -
443 3676 475 3743 5)
493 3683 524 3726 et
542 3691 583 3726 orn
601 3674 691 3728 ud-
710 3678 742 3745 6)
761 3676 802 3728 Bo
819 3691 904 3727 ea.—
924 3675 957 3742 7)
974 3674 994 3727 Ο
1013 3675 1098 3726 simi-

151 3726 221 3815 libus
245 3741 382 3807 similia,
407 3745 428 3797 D
447 3744 548 3797 simili
574 3747 657 3797 enim
684 3745 820 3807 similia,
837 3745 857 3797 B
876 3745 995 3797 similia
1013 3745 1098 3795 euim

152 3807 306 3863 sinilibus.
327 3842 356 3852 -
375 3815 407 3882 8)
425 3815 515 3868 Geues.
533 3817 575 3869 ³7.
610 3815 673 3869 Dun.
692 3818 717 3869 t.
752 3815 843 3870 llattlr.
861 3816 877 3869 i
897 3824 924 3868 et
938 3815 971 3866 ἱ.
