2438 4170
440 240 495 300 DE
517 186 787 301 uAEMONIBus
1067 240 1128 299 331

95 362 139 425 Ut
157 363 227 439 quid
248 367 308 420 tam
330 360 400 423 dure
421 380 468 422 me
488 361 606 421 caedis?
627 362 774 437 respondit
793 360 857 420 illa:
879 359 954 437 Quia
975 377 1062 436 saepe
1082 376 1131 420 me

93 450 204 509 teubas
245 448 294 508 Ad
316 448 394 523 quod
415 447 560 508 diabolus:
588 448 681 508 Multo
704 447 825 525 amplius
846 447 979 506 hesterna
1001 447 1046 506 die
1067 452 1130 504 tur-

93 537 164 597 bavi
185 552 312 595 sororem
333 542 413 594 tuam
435 539 595 610 cantricem,
619 552 677 595 non
697 542 794 595 tamen
815 552 862 593 me
883 537 1029 609 percussit.
1074 532 1130 592 Sa-

92 625 133 683 tis
153 622 270 699 quidem
297 622 347 681 illa
369 623 413 682 die
442 624 557 682 turbata
577 623 677 682 fuerat.
719 622 844 697 Exque
867 621 1021 697 colligitur,
1054 620 1132 696 quod

91 712 153 785 ura,
192 725 309 784 rancor,
344 711 520 784 impatientia
548 716 577 768 et
605 708 661 768 alia
688 707 852 768 huiusmodi
878 710 948 767 vitia
976 725 1063 784 saepe
1095 724 1131 766 ex

91 798 269 856 immissione
300 797 357 855 sint
389 796 503 855 diaboli.
552 794 620 855 Alia
647 798 711 855 vice
740 814 805 855 cum
835 794 936 854 cadom
963 793 1130 867 Elizabeth,

90 885 241 943 matutinis
261 884 344 941 nimis
365 882 496 957 tardatis,
526 900 611 957 opere
640 889 672 940 ut
700 889 766 958 post
791 885 924 958 apparuit
945 880 1064 956 diaboli,
1093 879 1131 940 ad

91 986 267 1047 campanam
285 970 445 1044 festinaret,
478 969 684 1044 candelamque
705 969 851 1027 ardentem
871 971 901 1026 in
922 987 1009 1026 manu
1030 974 1131 1043 porta-

89 1063 152 1131 ret,
180 1058 239 1116 iam
266 1059 404 1131 intratura
431 1056 506 1115 fores
536 1058 663 1130 oratorii,
697 1055 866 1114 daemonem
892 1057 921 1112 in
946 1057 1042 1130 specie
1063 1056 1130 1128 viri,

89 1148 193 1203 tunica
213 1142 344 1201 indutum
366 1142 511 1203 cultellata
527 1139 551 1222 ¹),
574 1149 674 1202 contra
694 1160 725 1201 se
743 1149 818 1201 stare
834 1145 988 1216 conspexit.
1019 1141 1131 1201 Putans

87 1228 221 1305 aliquem
241 1232 361 1289 intrasse
382 1232 522 1303 virorum,
551 1233 648 1287 territa
676 1236 829 1288 retrorsum
854 1246 905 1303 per
933 1228 1039 1304 gradus
1062 1228 1130 1286 dor-

89 1319 201 1375 mitorii
220 1316 336 1390 cecidit,
364 1317 405 1375 ita
427 1324 458 1375 ut
478 1334 531 1392 per
552 1316 661 1392 aliquot
682 1317 742 1375 dies
764 1322 823 1374 tam
846 1332 880 1374 cx
901 1319 1048 1390 repentino
1069 1321 1130 1373 ter-

89 1420 160 1463 rore
196 1420 283 1479 quarn
320 1420 355 1462 ex
393 1403 477 1479 lapsu
515 1402 671 1479 langueret.
724 1394 800 1461 Nam
840 1408 869 1460 et
900 1401 1058 1461 Abbatissa
1094 1419 1129 1460 ex

91 1490 198 1549 eodem
231 1507 302 1549 casu
332 1491 493 1564 stupefacta
525 1489 717 1548 infirmitatem
751 1490 890 1563 concepit.
944 1488 1026 1564 Quae
1061 1487 1129 1546 dum

91 1593 214 1637 eausam
233 1577 309 1635 illius
335 1576 433 1651 lapsus
466 1584 552 1650 atque
583 1577 713 1636 clamoris
734 1576 771 1635 ab
796 1593 831 1634 ea
851 1577 995 1633 sciscitata
1015 1574 1129 1649 suisset,

92 1668 127 1723 et
145 1662 195 1723 illa
214 1665 353 1722 visionem
375 1666 566 1738 exposuisset,
600 1664 717 1721 adiecit:
743 1662 774 1723 Si
796 1664 943 1720 scivissem
965 1661 1042 1736 quod
1065 1661 1129 1720 dia-

91 1747 180 1809 bolus
198 1750 313 1823 fubset,
347 1755 375 1808 et
395 1767 453 1808 non
481 1749 583 1823 homo,
616 1751 722 1809 borram
749 1749 789 1806 illi
818 1748 952 1823 alapham
979 1747 1128 1807 dedissem.

66 1833 260 1905 'Jamcnim
282 1837 444 1895 accinxerat
465 1836 626 1895 tortitudine
655 1836 768 1895 lumbos
790 1852 881 1909 suos,
895 1840 923 1894 et
944 1840 1043 1894 contra
1065 1834 1128 1894 dia-

93 1922 194 1983 bolum
213 1923 400 1983 roboraverat
420 1923 569 1982 brachium
591 1941 675 1981 suum
683 1919 713 2002 ²).

428 2111 660 2174 CAPITULUM
682 2113 793 2173 XLVI.

123 2234 172 2295 De
190 2236 315 2306 incluso,
337 2252 415 2310 quoe
430 2253 488 2310 per
512 2235 678 2293 Benedictte
698 2234 823 2294 lihmota
846 2241 888 2293 eet
909 2253 930 2292 a
952 2234 1101 2293 damnosae.

158 2372 250 2433 Alteri
272 2372 386 2432 cuidam
406 2372 529 2431 feminae
556 2379 671 2448 proptor
694 2373 839 2432 Christum
868 2373 994 2433 inclusae
1022 2375 1063 2432 ita
1083 2375 1128 2431 iu·

92 2460 183 2521 festus
203 2461 257 2519 fuit
279 2459 417 2533 diabolus,
442 2466 475 2517 ut
496 2462 581 2518 ctiam
601 2460 706 2519 lectum
729 2460 803 2518 illius
824 2460 963 2522 violenter
985 2467 1013 2518 et
1033 2462 1128 2535 impu-

92 2545 193 2605 denter
213 2546 387 2605 asocndcret.
430 2545 458 2604 A
486 2564 542 2620 quo
573 2564 638 2605 cnm
666 2546 743 2605 nullo
773 2553 870 2621 posset
898 2546 1022 2605 remedio
1045 2548 1128 2621 spiri-

92 2633 163 2693 tuali
184 2633 306 2706 liberari,
327 2651 386 2691 non
407 2636 544 2707 oratione,
564 2650 621 2691 nou
640 2634 824 2704 consessione,
845 2651 903 2691 non
925 2635 1006 2707 signo
1029 2635 1129 2706 crucis,

93 2720 199 2781 diaboli
225 2722 479 2795 importunitatem,
507 2722 707 2794 propriamque
729 2721 910 2778 vexationem
932 2718 1045 2776 cuidam
1066 2720 1128 2778 viro

91 2806 225 2883 religioso
248 2813 404 2882 conquesta
426 2813 478 2866 est
523 2805 575 2864 Cui
606 2806 653 2864 ille
674 2805 732 2864 tale
754 2806 902 2865 consilium
925 2804 1010 2863 dedit.
1054 2803 1127 2864 Cum

92 2894 154 2969 tihi,
174 2886 444 2973 iuquit³),'propius
458 2895 616 2966 accesserit,
638 2893 725 2965 dicas,
746 2892 920 2950 Benedicite.
953 2891 1040 2967 Quod
1062 2909 1128 2950 cum

90 2980 141 3039 illa
161 2981 290 3053 lecisset,
319 2982 460 3056 malignus
486 2983 601 3055 spiritus
623 2982 705 3054 quasi
726 2979 837 3037 turbine
857 2979 1011 3053 impulsus,
1045 2995 1076 3038 sc
1098 2980 1127 3036 in

91 3066 183 3127 saltus
205 3066 291 3140 dedit,
312 3084 365 3126 nec
387 3067 502 3126 ulterius
525 3067 562 3125 ad
583 3066 661 3125 illam
683 3066 820 3125 accedere
841 3076 929 3125 ausus
952 3066 1012 3124 fuit.
1055 3063 1127 3125 NO-

91 3152 241 3214 VICIUS=
271 3152 403 3221 Gaudeo,
421 3154 497 3228 quod
526 3160 636 3212 tantam
665 3156 799 3211 virtutem
810 3149 831 3231 ⁴)
864 3152 951 3211 audio
978 3155 1008 3210 in
1036 3152 1126 3212 verbo

90 3247 208 3305 nostrae
238 3240 425 3299 salutationis.
478 3239 712 3300 MONACHUS:
751 3239 846 3298 Tanta
879 3246 923 3298 est
953 3239 1127 3298 daemonum

91 3327 209 3403 malitia,
229 3334 263 3386 ut
284 3344 356 3402 quos
379 3328 532 3386 terroribus
555 3327 691 3386 seducere
712 3326 760 3385 vel
780 3322 940 3406 lrarrgero⁵)
961 3343 1019 3384 non
1040 3343 1125 3402 prae-

92 3414 198 3491 valent,
217 3414 405 3491 phantasticis
427 3415 583 3474 visionibus
605 3413 752 3474 seducant
794 3413 885 3473 Verbi
905 3406 1011 3490 gratia:

110 3668 181 3737 t)(l
206 3648 383 3732 cucullata,
401 3668 421 3719 B
438 3665 586 3720 cultello.
606 3697 637 3707 -
655 3668 688 3736 2)
706 3667 826 3719 Provcrh.
845 3667 954 3731 31,17.
974 3698 1006 3707 -
1034 3667 1065 3735 3)
1083 3666 1125 3720 BC

159 3754 243 3803 curn,
268 3738 391 3806 lnquit,
418 3737 492 3789 tibi.
521 3765 551 3777 -
576 3736 647 3807 eju
671 3746 797 3791 tantum
817 3738 965 3792 virtutis.
991 3766 1022 3777 ·-
1047 3738 1080 3805 5)
1103 3736 1124 3788 B

159 3807 309 3878 inungere
327 3808 380 3861 vel
399 3806 564 3859 seducere.
