2438 4170
136 247 198 305 364
457 243 687 306 DISTINCTIO
716 244 852 306 SEXTA

135 374 164 427 ot
190 369 261 427 situs
290 366 418 426 eiusdem
445 367 603 427 solitudinis
630 368 761 428 lustravit
789 374 818 428 et
847 366 1052 443 consideravit,
1080 369 1122 447 ita
1146 374 1175 428 nt

133 461 235 530 postea
263 471 297 513 eo
326 456 461 513 recitante
484 455 564 514 multi
585 458 761 514 mirarentur.
803 456 948 531 Regressa
969 457 1085 530 anima,
1117 455 1175 514 dia-

134 541 217 600 bolus
239 544 341 600 erranti
371 545 492 600 occurrit
514 542 625 600 dicens:
656 542 766 616 Corpus
794 548 876 601 tuum
904 559 1001 601 meum
1030 548 1084 602 est
1126 542 1175 602 Illo

134 645 164 687 se
193 631 336 704 signante,
369 634 397 686 et
430 636 558 687 sanctam
586 630 643 687 Dei
670 631 1026 705 genitricem-invocante,
1062 629 1176 689 adiecit:

133 713 232 774 Media
252 733 318 790 pars
334 717 433 789 capitis
455 718 496 772 tui
518 733 583 775 mea
606 723 657 790 est,
679 733 713 775 co
736 715 813 790 qnod
828 715 943 791 pulsata
964 733 1090 792 vespera
1111 717 1177 776 sab·

133 803 194 861 bati
213 802 297 860 fuerit
316 802 384 860 lota.
416 801 453 859 Et
475 805 570 860 statim
586 821 713 879 massam
734 805 804 877 picis
825 805 902 860 misit
922 805 953 861 in
974 802 1065 862 illam.
1098 803 1178 880 Quae

133 895 234 964 postea
266 906 331 947 oum
362 891 487 947 maximo
519 889 617 948 labore
651 889 803 948 multorum
836 889 968 964 deposita
1001 897 1056 949 est
1108 890 1179 949 Cum

132 993 202 1034 vero
224 978 376 1035 moriturus
399 983 489 1049 esset,
517 984 608 1035 mater
637 979 697 1034 eius
726 977 796 1035 flens
819 979 859 1036 sic
875 972 891 1054 ¹)
914 979 969 1034 ait:
1000 975 1029 1035 O
1052 977 1095 1035 tili
1116 977 1179 1037 dnl-

133 1065 253 1137 cissime,
275 1063 360 1120 modo
375 1063 510 1121 recedens
522 1082 539 1122 a
551 1082 596 1122 me
614 1062 728 1120 dimittis
750 1081 797 1122 me
818 1066 845 1121 in
860 1065 987 1121 maxima
1005 1062 1179 1125 infirmitate.

132 1150 292 1225 Respondit
312 1150 371 1208 ille:
404 1149 511 1208 Sancta
532 1150 626 1208 Maria
652 1150 783 1208 liberabit
805 1158 832 1209 te
854 1157 956 1208 mater.
999 1149 1108 1225 quue
1130 1169 1180 1211 ex-

132 1239 265 1311 spirante,
288 1238 387 1295 eadem
409 1237 480 1295 hora
496 1245 598 1294 sanata
613 1243 655 1294 est
675 1237 724 1295 illa
745 1239 782 1295 ab
795 1234 815 1316 ²)
837 1236 1004 1295 infirmitate
1021 1237 1181 1313 dunssima,

133 1321 223 1402 qua³)
255 1341 359 1382 novem
392 1327 473 1382 annis
506 1324 694 1382 laboraverat
752 1323 824 1398 Legi
856 1326 886 1381 in
916 1322 992 1382 libro
1028 1323 1180 1385 Visiouurn

132 1411 235 1469 beatae
246 1410 406 1483 Aczclinae,
429 1410 506 1484 quod
527 1411 685 1469 incoelesti
707 1413 853 1469 mansione
875 1409 976 1468 sedem
998 1409 1108 1470 viderit
1128 1430 1180 1472 va-

133 1515 216 1556 cuam
237 1500 325 1556 mirae
345 1497 561 1572 pulchritudinis
584 1504 613 1555 et
635 1497 758 1573 gloriae,
781 1504 809 1555 et
830 1497 938 1556 dictum
961 1502 1007 1555 est
1032 1500 1075 1572 ei,
1105 1499 1180 1574 qnod

132 1582 238 1664 essese)
262 1585 409 1643 cniusdam
433 1588 509 1642 caeci
532 1585 567 1642 de
586 1583 764 1642 Alamannia.
814 1583 852 1641 Et
873 1585 972 1642 statim
991 1585 1127 1644 intellexi
1147 1587 1181 1646 de

130 1673 215 1731 fratre
235 1674 290 1730 isto
312 1671 487 1748 Engilberto.
530 1670 735 1737 Novimus:
765 1669 804 1729 Ut
833 1670 935 1744 audio,
965 1671 1096 1730 multum
1118 1672 1180 1733 Deo

133 1775 199 1816 cara
221 1755 292 1838 est⁵)
307 1758 481 1833 simplicitas.
524 1756 759 1817 MONACHUS:
780 1757 845 1816 Non
858 1757 954 1816 solum
969 1756 1050 1834 Deo,
1074 1762 1132 1817 imo
1153 1767 1181 1820 et

133 1845 296 1905 hominibus
313 1846 417 1921 placet.
449 1841 528 1922 Est⁶)
552 1844 724 1919 quandoque
745 1847 859 1904 maioris
880 1845 910 1902 in
934 1845 1061 1905 auribus
1084 1863 1180 1906 eorum

109 1998 112 2007 Ἰ
133 1932 286 2007 efficaciae,
308 1951 395 2007 quam
416 1933 567 2007 prudentia
589 1932 750 1991 saecularis.

489 2104 724 2165 CAPITULUM
742 2105 799 2163 XI.

131 2231 178 2287 De
200 2230 319 2288 dentiae
341 2231 433 2287 Petro
456 2228 569 2287 Abbctc
593 2228 800 2299 OEoraccollb,
823 2231 855 2284 iu
877 2231 964 2286 cutus
994 2231 1177 2305 simplicitate

218 2317 382 2374 aduersarii
404 2321 464 2374 eius
487 2319 660 2390 conspuuctt,
684 2315 774 2386 boreis,
801 2331 861 2389 pro
884 2314 996 2388 quibus
1021 2334 1096 2375 cou-

421 2404 583 2475 tcudercut,
606 2406 864 2460 sescuncia'oerccrct.

195 2524 337 2582 Dominus
359 2525 461 2583 Petrus
485 2523 589 2582 Abbas
613 2523 811 2595 Claraevallis,
839 2521 1016 2582 monoculus
1043 2542 1080 2583 ex
1101 2523 1173 2581 intir-

131 2615 243 2686 oritate,
274 2615 316 2670 vir
346 2619 477 2684 sanctus,
514 2613 627 2669 nomine
658 2618 686 2668 et
707 2628 737 2668 re
767 2610 844 2668 Petri
873 2608 1013 2683 Apostoli
1043 2614 1174 2683 imitator,

131 2696 232 2778 filiusi)
256 2699 407 2757 columbae
427 2699 518 2756 dictus
535 2694 615 2776 esti),
639 2715 672 2755 eo
696 2697 773 2771 quod
795 2713 917 2771 magnae
936 2704 965 2755 et
983 2715 1078 2772 purae
1096 2698 1171 2755 suerit

132 2785 327 2860 simplicitatis
372 2785 444 2844 Cum
472 2788 532 2858 ipso
563 2792 591 2842 et
619 2785 751 2842 fratribus
782 2785 841 2841 eius
870 2783 952 2841 miles
984 2785 1106 2858 quidam
1125 2799 1169 2859 pro

132 2873 303 2946 quibusdam
322 2873 405 2930 bonis
429 2872 628 2932 contendebat.
673 2871 820 2928 Praefixus
835 2877 878 2927 est
900 2869 972 2943 dics,
995 2874 1025 2930 in
1048 2889 1110 2947 quo
1129 2869 1169 2929 vel

131 2958 212 3016 miles
227 2977 292 3017 cum
306 2959 423 3017 Abbate
440 2965 630 3033 componeret,
652 2959 699 3015 vel
713 2976 807 3016 coram
828 2957 922 3014 iudice
944 2957 1027 3016 litem
1048 2962 1168 3016 intraret

130 3046 217 3103 Venit
248 3045 283 3102 ad
315 3046 388 3104 diem
418 3047 498 3103 miles
522 3062 587 3103 curn
609 3047 706 3103 amicis
729 3046 802 3117 suis,
831 3046 910 3101 venit
933 3050 961 3101 et
984 3044 1093 3104 Abbas
1114 3044 1168 3103 solo

131 3131 273 3189 monacho
303 3132 428 3206 quodam
458 3133 585 3207 simplice
617 3150 714 3190 secum
742 3138 878 3189 assumto.
922 3131 989 3188 Non
1019 3139 1119 3191 tamen
1144 3133 1168 3188 in

131 3220 221 3292 equis,
243 3218 294 3276 sed
307 3220 416 3293 pedites
439 3227 586 3277 venerunt.
629 3219 754 3277 Etcum
777 3224 852 3275 esset
873 3215 977 3274 Abbas
1001 3218 1169 3278 venerabilis

128 3306 209 3381 pacis
245 3312 273 3363 et
307 3309 482 3380 paupertatis
515 3313 641 3379 amator,
675 3322 825 3378 rerumque
852 3308 1067 3363 transeuntium
1104 3321 1169 3364 eon·

129 3399 248 3465 temtor,
285 3388 380 3449 coram
414 3395 545 3451 omnibus
583 3393 696 3451 dicebat
723 3393 817 3449 militi:
853 3390 950 3448 Homo
993 3392 1169 3450 Christianus

130 3498 169 3539 es
223 3479 254 3537 Si
293 3479 394 3537 dixeris
430 3482 459 3537 in
495 3481 583 3538 verbo
617 3482 759 3553 veritatiS,
793 3478 869 3552 quod
901 3477 981 3536 bona
1015 3482 1091 3554 ista,
1122 3495 1170 3554 pro

129 3568 234 3643 quibus
268 3569 410 3625 contentio
441 3574 498 3641 est,
531 3574 581 3624 tua
604 3570 659 3624 sint
692 3573 721 3624 et
752 3572 802 3623 tua
831 3581 894 3622 esse
924 3564 1068 3641 debeant,
1101 3568 1170 3626 bene

127 3686 177 3752 'l)
195 3683 240 3735 Al)
259 3685 306 3733 sic
329 3682 422 3733 flens.
442 3712 473 3719 -
499 3682 529 3747 2)
548 3681 567 3732 Β
592 3681 630 3731 ab
653 3681 720 3732 illa.
740 3711 770 3720 -
791 3681 822 3748 3)
840 3679 969 3731 asscui’u
993 3684 1026 3733 in
1050 3699 1122 3750 qua.
1142 3712 1170 3720 -

196 3755 229 3821 4)
252 3753 273 3805 Β
296 3761 375 3804 crat.
403 3781 433 3790 -
461 3752 492 3818 5)
516 3751 556 3802 Bc
579 3751 709 3802 multum
733 3767 807 3802 cara
831 3759 881 3800 est
904 3749 977 3800 lleo.
1000 3781 1031 3790 —
1063 3754 1097 3819 6)
1120 3752 1173 3804 libri

187 3826 319 3895 placet,
340 3835 380 3879 ct.
401 3856 435 3866 -
454 3824 487 3894 7)
504 3821 566 3875 libri
583 3830 614 3874 et
629 3821 737 3873 lilius.
754 3850 785 3859 —
799 3821 836 3885 tib
850 3819 958 3870 dictus
977 3829 1030 3873 est
1050 3822 1140 3876 addc.
