2438 4170
88 231 150 292 ass
402 225 631 292 nrsrnrosro
653 228 805 308 comm

438 419 671 483 CAPITULUM
691 420 775 482 vm.

88 544 136 604 Dc
155 543 306 604 sacerdote
334 542 371 602 de
390 534 565 621 Ditltirpen,
593 546 646 620 qui
672 546 705 602 in
727 541 812 602 odito
832 559 889 602 suo
909 541 1102 605 maedam

152 631 226 691 uidit
247 630 480 689 demoniorum.
522 630 599 690 Item
618 629 756 706 probatio
778 629 864 705 qaod
880 630 980 705 pluras
997 631 1047 689 adet

321 715 425 794 molid
448 718 587 790 homines,
610 735 703 793 quom
725 717 892 775 morona.

152 837 187 897 In
207 837 358 914 Ditkirgen
378 837 635 898 sanctimonialium
661 838 848 912 monasterio,
877 836 956 912 quod
980 836 1012 894 in¹
1030 833 1092 910 opido

43 988 47 995 ,
87 925 233 985 Bonnensi
253 927 339 984 situm
360 931 412 1000 est,
433 925 569 986 sacerdos
590 925 707 1000 quidam
728 924 880 984 dehrnctus
902 930 953 1000 est,
972 920 1089 996 Adelphos

39 1014 47 1031 ⁸
87 1014 216 1087 nomine,
236 1013 280 1071 vir
301 1010 386 1071 valde
408 1011 563 1072 saecularis
584 1018 614 1072 et
634 1011 775 1086 lubricus,
796 1013 855 1070 iam
877 1009 944 1071 dicfi
963 1006 1088 1069 monasteri

87 1099 238 1176 plebanus.
278 1097 345 1174 Hic,
367 1100 440 1159 sicut
460 1099 529 1157 mihi
550 1098 646 1158 retulit
663 1099 780 1174 quidam
801 1096 945 1173 sacerdos,
966 1096 1008 1173 qui
1024 1093 1088 1153 nea

88 1182 282 1264 Bonnensis²)
304 1186 473 1260 canonicus,
506 1203 572 1246 cnm
593 1185 639 1245 dic
661 1184 786 1261 quadam
815 1201 883 1244 cum
916 1182 1029 1259 quodam
1050 1193 1086 1238 suo

89 1279 213 1350 cognato
225 1271 246 1353 ³)
268 1272 379 1332 luderet
404 1274 434 1330 in
455 1271 541 1348 aleis,
569 1271 685 1349 quidam
714 1289 750 1332 ox
771 1271 953 1348 parochianis
973 1273 1024 1330 eius
1038 1265 1087 1325 iera
1130 1316 1132 1325 .

89 1361 266 1436 supervenit,
295 1366 324 1418 et
352 1365 384 1418 ut
409 1362 509 1419 matris
537 1376 607 1419 suae
636 1359 843 1419 confessionem
864 1356 976 1433 audire,
1000 1365 1086 1427 umque
1130 1428 1132 1437 Ι

90 1449 299 1508 communicare
321 1443 498 1523 dignaretur,
529 1445 672 1506 humiliter
694 1440 755 1525 etr)
785 1462 853 1504 cum
873 1443 992 1505 lacrimis
1008 1435 1086 1517 suppi-

89 1535 175 1594 cavit
217 1533 420 1609 Respondente
441 1534 605 1593 sacerdote:
627 1533 692 1593 Non
706 1534 822 1592 veniam
842 1533 897 1591 nisi
919 1530 1020 1607 expleto
1030 1522 1086 1596 hlt3

90 1627 119 1682 et
138 1619 185 1681 ille
206 1621 333 1695 instaret,
353 1637 485 1680 asserens
506 1619 647 1680 infirmam
664 1625 830 1695 exspectare
852 1635 912 1678 non
931 1632 1015 1694 posse,
1032 1626 1085 1673 um·

89 1714 184 1768 motus
205 1706 340 1768 sacerdos
361 1724 459 1766 secum
480 1706 589 1767 ludenti
610 1706 694 1765 dixit:
725 1705 870 1782 Cognato,
893 1721 948 1782 ego
968 1710 1085 1777 conqueror

89 1796 174 1855 vobis
195 1795 231 1854 de
253 1794 366 1854 domino
387 1795 451 1869 isto,
474 1795 524 1869 qui
545 1811 591 1852 me
608 1795 752 1870 quiescere
773 1810 831 1852 non
849 1794 924 1852 sinit.
964 1787 1085 1851 iudana

90 1882 138 1942 ille
158 1882 228 1940 nihil
249 1880 402 1958 proficere,
424 1883 511 1939 tristis
533 1898 568 1940 ao
587 1897 704 1957 gemens
726 1879 865 1955 discessit,
886 1885 917 1940 et
935 1876 1032 1937 infirme
1045 1871 1085 1930 tiit

91 1969 269 2029 confessione
296 1974 384 2044 atque
416 1969 521 2028 viatico
544 1968 581 2027 ab
610 1967 665 2028 hac
686 1967 750 2027 luce
771 1968 914 2043 migravit
955 1964 1005 2024 Die
1021 1964 1086 2021 uhtu

91 2057 184 2116 tertio¹
202 2057 227 2115 is
257 2057 306 2130 qui
327 2072 392 2114 cum
413 2055 562 2115 sacerdote
590 2054 711 2130 luserat,
741 2053 892 2113 defunctae
913 2052 970 2111 filio
988 2042 1085 2113 occul.

92 2149 122 2202 et
141 2142 297 2202 sacerdotis
319 2144 511 2217 querimoniae
532 2142 705 2216 recordatus,
725 2141 805 2200 illum
826 2142 888 2200 sinc
909 2155 992 2200 causa
1010 2126 1086 2195 occidi

91 2231 163 2288 Post
183 2229 256 2289 haec
280 2236 309 2288 et
330 2229 386 2288 alia
407 2235 528 2304 peccata
548 2228 671 2304 plurima
685 2227 819 2288 sacerdos
836 2227 915 2286 idem
930 2219 1087 2302 peremtoriam

91 2317 189 2377 incidit
210 2316 410 2375 infirmitatem.
455 2316 511 2391 Qui
533 2333 599 2375 cum
621 2322 696 2375 esset
716 2317 745 2373 in
761 2314 966 2390 desperatione,
985 2303 1089 2387 quaedtffl
1116 2324 1121 2335 ·

92 2410 216 2480 cognata
237 2406 298 2462 cius
320 2403 423 2461 sedens
445 2420 541 2462 coram
564 2403 620 2478 illc,
643 2420 708 2462 cum
722 2404 835 2478 signum
853 2400 1017 2460 contritionis
1033 2387 1089 2452 ride·

91 2498 135 2550 ret
154 2494 184 2548 in
207 2508 241 2550 eo
263 2490 374 2549 nullum
386 2487 416 2570 ⁵),
438 2491 524 2548 tristis
542 2492 583 2549 sic
604 2493 659 2549 ait:
681 2490 815 2564 Domine,
837 2488 937 2548 debilis
949 2487 1010 2546 estis
1027 2473 1091 2545 raldtr

91 2586 260 2655 praeparate
289 2595 342 2637 ros
370 2584 486 2653 propter
515 2577 620 2636 Deum.
662 2576 801 2636 Invocate
827 2575 924 2649 illum,
951 2579 982 2634 ut
1006 2566 1092 2646 pecttit

91 2672 188 2726 vestra
209 2666 292 2725 vohis
307 2665 437 2738 dimittat,
459 2670 488 2722 et
506 2667 630 2740 spatium
651 2663 746 2722 adhuc
764 2664 928 2727 fructuosae
941 2651 1092 2737 poenitente

93 2751 240 2814 concedat.
282 2751 331 2810 Ad
354 2751 433 2828 quod
452 2750 500 2810 ille
523 2751 690 2827 desperatus
705 2749 865 2826 respondit:
887 2749 976 2809 Vides
995 2745 1093 2804 nonem

92 2840 162 2898 illud
183 2857 319 2916 magnum
343 2857 378 2898 ex
400 2840 531 2915 opposito
552 2836 663 2896 nostri?
685 2837 750 2896 Non
771 2838 890 2896 suntin
911 2838 971 2895 eius
989 2837 1051 2891 tecto
1065 2827 1094 2880 tot

94 2926 211 3001 calami,
240 2932 311 3002 quot
339 2932 406 2984 sunt
434 2928 509 2991 circa
537 2943 583 2984 mc
612 2924 765 2984 daemones
794 2924 968 2998 congregati.
1006 2918 1037 2976 Et
1056 2909 1094 2968 hot

94 3012 178 3087 dicto,
200 3030 267 3072 mox
288 3015 452 3089 agonizans,
474 3014 635 3088 exspiravit,
658 3028 707 3070 eos
728 3010 829 3070 videns
851 3008 953 3069 adesse
972 3007 1097 3065 manuus,

94 3116 216 3174 quorum
244 3100 361 3159 consilio
394 3102 505 3159 vixerat
533 3117 629 3158 sanus.
679 3097 773 3157 Multa
801 3097 853 3156 tihi
887 3096 922 3155 de
953 3084 1097 3153 multitutl'ffit

95 3186 267 3245 daemonum
288 3187 383 3246 adhuc
405 3187 498 3246 dicero
519 3203 651 3262 possem,
682 3184 733 3244 sed
761 3201 854 3260 usque
876 3183 915 3243 ad
937 3178 1099 3241 duodecino

95 3272 305 3332 distinctionem
325 3272 396 3331 illud
407 3271 428 3354 ⁶)
461 3290 586 3333 reservo.
629 3270 832 3332 NOVIOIUS:
868 3269 942 3329 Cum
962 3266 1025 3327 mall
1046 3254 1100 3320 male

95 3359 218 3418 vivendo
239 3359 345 3419 multos
358 3360 484 3420 habeant
506 3360 659 3419 daemones
675 3361 843 3431 incentores
865 3357 969 3416 multos
990 3358 1017 3413 in
1035 3350 1101 3409 morit

94 3454 284 3519 accusatores
306 3449 392 3507 miror
413 3450 437 3506 si
456 3454 498 3506 tot
519 3448 547 3505 in
559 3449 659 3523 poenis
673 3445 798 3505 habituri
819 3447 876 3503 sint
890 3442 1102 3521 singultando

113 3634 144 3701 i)
162 3633 237 3684 mali
255 3632 327 3684 abest
345 3647 360 3684 a
377 3633 446 3685 libris
464 3635 564 3685 nostris.
577 3663 608 3673 -
628 3633 660 3699 2)
678 3631 698 3684 C
715 3631 766 3683 add
784 3631 955 3682 ecclesiae.
968 3657 997 3668 ·-
1015 3626 1043 3692 3)
1058 3613 1104 3672 AD?

164 3700 906 3826 ⁸*trittlt‘hlltltlnnit{tl-rita.
926 3700 957 3808 ⁵.)
974 3691 1108 3833 {siulfi

158 3790 316 3913 rvealservo,
334 3842 355 3901 G
372 3811 512 3899 rescruo
529 3842 599 3895 illa.
631 3840 824 3901 hostilio.
