2438 4170
426 252 482 314 nn
504 208 795 319 sunnrorrnru.
1065 256 1125 316 aas

89 376 244 452 ecclesiae,
273 393 348 452 quac
376 382 445 436 tunc
466 376 564 437 clausa
584 375 690 452 lucrat,
719 375 871 452 depulsus,
892 378 1003 436 vicinae
1025 377 1127 438 domus

88 464 225 525 solatium
245 470 377 539 expetere
390 464 555 540 cogebatur,
576 464 690 523 saccelli
712 467 756 523 sui
770 464 885 523 oblitus.
929 463 1023 540 Quem
1039 465 1126 525 bomo

90 550 209 627 quidam
222 553 412 626 pertransiens
429 551 545 625 levavit,
566 556 595 610 et
613 552 693 610 cuius
715 557 790 610 esset
811 568 869 609 non
882 553 1024 627 ignorans,
1045 554 1128 611 uxori

90 655 161 698 suae
183 638 355 697 servandum
367 640 515 712 commisit,
536 636 754 697 utMarcadello
774 640 922 713 quaerenti
941 638 1022 696 illum
1042 641 1127 697 resti-

90 731 192 784 tueret.
235 724 316 800 Quae
338 727 414 784 sacci
424 725 666 800 ponderositatem
688 728 821 799 sentiens,
842 727 944 784 marito
966 725 1127 800 respondit:

90 812 158 871 Non
185 817 281 886 potest
308 815 380 870 tanti
407 811 540 887 ponderis
573 829 636 871 esse
663 812 761 887 panis,
789 818 858 887 puto
884 812 962 886 quod
985 828 1020 870 ex
1040 815 1128 870 nimia

90 897 271 974 simplicitate
292 898 372 957 illurn
385 899 545 975 impleverit
565 898 716 973 lapidibus.
758 897 925 973 Apertoquc
947 916 1040 973 sacco,
1062 916 1128 957 cum

92 985 268 1044 thnribulum
304 988 334 1044 in
373 1003 406 1043 eo
446 987 612 1060 reperisset,
654 991 682 1044 et
724 986 818 1044 subito
864 986 988 1044 clamore
1025 988 1126 1044 vicinis

91 1075 240 1131 inventum
280 1072 470 1147 prodidisset,
515 1074 636 1130 accurrit
675 1071 815 1146 populus,
854 1075 977 1130 accurrit
1010 1072 1126 1131 tandem

94 1164 123 1219 et
141 1161 202 1234 ipse
223 1158 423 1218 Marcadellus.
465 1159 631 1233 Requisitus
659 1158 694 1217 de
717 1175 802 1218 sacco
833 1161 913 1218 cuius
943 1166 1032 1233 esset,
1062 1176 1127 1217 cum

93 1248 204 1304 mentiri
224 1245 329 1320 nollet,
352 1246 512 1322 respondit:
541 1245 649 1304 Saccus
671 1263 752 1304 meus
775 1251 832 1318 est,
862 1245 914 1304 sed
941 1246 1018 1320 quod
1040 1248 1069 1303 in
1090 1262 1126 1304 co

94 1338 152 1406 est,
187 1339 315 1391 vestrum
337 1339 388 1391 cst.
437 1333 500 1409 Ego
528 1332 706 1390 thuribulum
733 1333 841 1390 furatus
870 1325 929 1390 non
958 1351 1038 1406 sum,
1066 1350 1125 1390 non

94 1425 190 1478 tamen
210 1418 300 1478 furem
321 1420 450 1494 prodam.
492 1420 530 1477 Et
551 1422 681 1478 recitavit
703 1422 743 1478 eis
765 1436 816 1494 per
838 1420 980 1494 ordinem,
1007 1419 1127 1494 qualiter

94 1504 133 1565 ad
154 1522 186 1564 se
202 1505 354 1580 devenerit,
378 1506 485 1580 etquid
505 1506 559 1564 luri
580 1508 748 1581 promiserit.
797 1506 968 1564 Dicentibus
992 1508 1046 1564 eis:
1068 1505 1130 1565 Lex

95 1597 140 1652 est
152 1591 351 1667 Lombardiae,
373 1600 405 1650 ut
418 1593 466 1651 vel
478 1593 568 1651 furem
579 1593 692 1668 prodas,
713 1591 761 1651 vel
777 1592 845 1651 furis
866 1608 989 1667 poenam
1009 1593 1149 1668 subeas3.

94 1679 254 1754 respondit:
276 1680 311 1737 In
323 1680 455 1739 manibus
476 1682 577 1738 vestris
599 1698 675 1754 sum,
699 1679 776 1753 quod
797 1681 903 1737 iustum
925 1687 967 1739 est
987 1680 1072 1738 facite
1094 1678 1130 1738 de

93 1767 151 1824 rnc.
191 1765 238 1823 Illi
258 1768 313 1825 sibi
328 1769 490 1841 prospicere
511 1765 655 1842 volentes,
675 1764 819 1824 hominem
840 1766 999 1824 Ferrariam
1022 1766 1131 1824 ducen-

47 1844 51 1853 ’
95 1860 147 1927 tes,
168 1852 308 1911 Potestati
330 1853 507 1927 obtulerunt,
529 1870 628 1912 casum
649 1859 849 1928 exposuerunt,
869 1855 1048 1912 innocentiae
1070 1856 1131 1913 eius

95 1956 131 2000 ac
157 1939 329 2014 simplicitati
356 1943 549 1999 testimonium
576 1941 683 1998 bonnm
715 1940 905 2015 perhibentes.
948 1939 1042 2015 Quem
1065 1958 1131 1999 cum

94 2025 182 2086 iudex
209 2027 344 2086 inducere
364 2045 422 2086 non
449 2033 555 2102 posset,
575 2033 609 2084 ut
627 2028 718 2084 furem
739 2027 905 2101 publicaret,
928 2027 1042 2102 capitali
1062 2045 1130 2088 sen-

95 2115 185 2173 tentia
199 2130 286 2188 super
302 2131 367 2171 eum
385 2115 452 2173 data
464 2110 490 2192 ¹),
512 2119 578 2172 ante
595 2114 669 2172 sores
691 2115 805 2172 maioris
827 2113 965 2172 ccclesiae
992 2121 1129 2188 tanquam

96 2199 236 2276 sacrilegii
263 2218 329 2259 reus
358 2200 514 2260 decollatus
550 2205 602 2259 est.
657 2199 744 2259 Cuius
780 2218 882 2276 corpus
911 2219 929 2258 a
958 2202 1129 2275 quibusdam
1165 2238 1168 2242 —

96 2289 127 2344 in
148 2287 250 2346 eodem
270 2287 334 2347 loco
357 2288 499 2363 sepultum
521 2294 572 2347 est.
613 2287 705 2347 Nocte
726 2290 857 2363 sequenti
886 2305 951 2347 cunr
987 2288 1129 2363 quaedam

97 2373 245 2449 religiosae
256 2381 404 2434 matronae
419 2378 540 2434 civitatis
561 2374 599 2433 ad
621 2375 771 2434 ecclesiam
791 2381 907 2450 propter
927 2378 1131 2434 matutinarum

97 2461 245 2520 sollemnia
264 2465 345 2537 irent,
365 2465 567 2537 venissentque
584 2461 622 2520 ad
642 2462 784 2521 tumulum
806 2464 875 2536 eins,
897 2469 997 2520 cantus
1019 2461 1130 2538 angeli-

98 2564 148 2607 cos
168 2548 224 2607 illic
245 2550 410 2623 audierunt,
438 2567 535 2608 cereos
557 2549 688 2608 a'rdentes
710 2548 855 2622 viderunt,
875 2551 991 2622 insuper
1012 2554 1040 2606 et
1060 2566 1130 2607 sua-

98 2636 207 2694 virsimi
227 2635 322 2693 odoris
343 2632 548 2714 flagrantiam²)
572 2641 728 2694 senserunt.
772 2633 858 2709 Quod
875 2650 941 2692 cunr
954 2634 1081 2692 secunda
1103 2641 1132 2692 et

97 2723 183 2780 tertia
202 2726 287 2778 nocte
306 2720 417 2794 plenius
439 2723 657 2795 comperissent,
688 2736 875 2794 quaecunque
907 2719 1055 2779 audierant
1082 2720 1131 2780 vel

98 2806 245 2880 viderant,
266 2823 317 2864 seu
339 2801 453 2884 etiam³)
476 2812 631 2881 senserant,
659 2806 802 2881 Episcopo
824 2808 946 2867 civitatis
967 2807 1131 2866 retulerunt.

101 2893 158 2968 Qui
180 2908 247 2950 cum
269 2899 345 2951 esset
364 2894 407 2951 vir
427 2893 589 2970 religiosus,
614 2893 755 2968 aliquibus
776 2909 875 2952 secum
896 2896 1044 2970 assumtis,
1066 2912 1132 2954 cum

100 2984 185 3037 nocte
206 2987 308 3054 quarta
330 2996 392 3038 csse
413 2981 462 3054 ita,
483 2977 544 3060 uti)
566 2981 698 3040 mulieres
713 2980 851 3054 dixerant,
872 2983 1063 3055 experimento
1086 2982 1132 3039 di·

101 3065 229 3140 dIcisset,
250 3084 337 3142 super
357 3066 498 3125 tumulum
518 3066 640 3127 hominis
661 3066 717 3126 Dei
738 3068 886 3126 basilicam
907 3069 1037 3128 fabricari
1057 3070 1132 3144 fecit,
1160 3086 1163 3091 ’

50 3224 54 3231 ⁴
100 3159 131 3213 et
166 3152 238 3211 fiunt
267 3154 308 3212 ibi
335 3154 471 3215 miracula
501 3157 643 3230 usquein
664 3153 832 3214 hodiernum
854 3154 930 3213 diem
951 3155 989 3215 ad
1016 3156 1131 3216 laudem

101 3242 223 3300 nominis
247 3239 359 3299 Christi.

121 3549 152 3616 1)
170 3549 189 3601 B
208 3549 345 3617 capitali
363 3564 547 3615 supereum
563 3548 637 3600 data
655 3549 831 3612 sententia,
847 3548 868 3600 0
885 3548 1024 3616 capitali
1043 3563 1136 3614 super

172 3633 241 3671 eum
259 3620 425 3671 sententia
443 3617 526 3671 data.
541 3648 573 3657 -
586 3619 618 3685 2)
636 3617 735 3671 codices
754 3618 874 3670 fluctuant
893 3620 959 3670 inter
987 3619 1135 3686 fragran-

172 3690 229 3753 tia,
256 3688 452 3810 fraqlantia,
477 3688 659 3756 flagrantia.
685 3719 715 3730 —
740 3688 773 3757 3)
790 3688 810 3740 Β
829 3686 994 3751 viderant,
1024 3687 1136 3738 audic-

174 3765 247 3809 rant
270 3774 307 3812 vc
328 3797 336 3822 ,
359 3759 379 3810 Ο
402 3759 589 3822 audierant,
611 3758 763 3810 viderunt
784 3758 834 3812 vel.
869 3758 927 3810 llox
944 3757 1008 3810 Ab?
1026 3771 1123 3808 sense

175 3834 255 3878 runt.
275 3858 304 3868 -
324 3829 357 3896 t)
375 3829 395 3881 ll
413 3831 457 3882 ita
474 3844 546 3882 csso
563 3836 609 3894 ut,
626 3829 647 3881 B
664 3830 711 3882 ita
729 3844 802 3881 esec
820 3829 914 3880 sient.

740 3901 888 3973 -l'l
