2460 4162
143 225 184 284 eo
271 265 273 274 .
469 212 697 287 nisrmcrro
716 227 845 305 Pauca

144 365 244 407 versus
266 347 358 422 suerit,
379 365 464 407 mane
485 329 621 407 familiam
643 367 725 407 suam
742 350 857 409 flentem
872 367 937 408 cum
947 368 1022 410 nave
1035 348 1051 430 ¹)
1062 353 1180 427 remisit,

143 441 173 494 et
193 435 322 494 habitum
344 435 512 511 regulariter
532 435 654 495 induens
675 436 826 495 nobiscum
847 439 1010 511 permansit.

477 625 709 686 cAPITULUM
728 627 846 688 XXIV.

371 731 419 789 Dc
440 735 626 790 conversione
649 729 764 790 Goloci
785 731 951 790 sucerdotis.

210 869 311 927 Frater
324 866 463 928 Gerlacus
477 870 610 929 sacerdos
623 867 677 950 ct²)
695 869 853 928 monachus
863 875 959 927 noster
971 874 1086 944 propter
1096 869 1181 943 signa

145 957 230 1014 nnius
253 956 419 1030 devotionis,
442 974 528 1032 quam
550 957 714 1032 inquodam
728 955 870 1015 monacho
884 962 983 1014 nostro
1004 954 1084 1028 vidit,
1104 957 1181 1013 sicut

144 1041 216 1100 mibi
238 1042 383 1110 confessus
405 1050 463 1118 est,
491 1046 615 1119 primum
637 1046 831 1103 conversionis
854 1060 980 1101 amorem
1003 1043 1133 1116 concepit
1147 1037 1180 1121 ³).

145 1129 201 1187 Die
217 1129 341 1203 quadam
355 1147 419 1186 cum
430 1130 587 1188 monachus
598 1130 653 1204 ille,
665 1148 750 1206 quem
760 1132 834 1188 bene
845 1131 928 1202 nosti,
950 1132 1067 1186 missam
1076 1130 1105 1185 iu
1116 1130 1180 1186 eius

145 1216 281 1291 parocbia
304 1216 466 1290 celebraret,
491 1223 600 1274 tantam
622 1217 778 1276 secundum
800 1216 1034 1275 consuetudinem
1055 1217 1180 1291 gratiam

145 1303 273 1361 habebat
285 1299 307 1382 a)
328 1302 525 1377 lacrimarum,
547 1311 579 1361 ut
601 1303 755 1377 Gerlacns,
788 1305 837 1378 qui
856 1310 972 1379 propter
992 1304 1180 1360 ministerium

147 1388 293 1461 exlatere
315 1390 420 1463 stabat,
442 1389 562 1449 eandem
585 1391 767 1449 considerans
789 1392 925 1464 gratiam,
947 1389 1091 1447 admirans
1112 1388 1180 1447 Do-

146 1478 254 1534 minum
276 1474 472 1552 magnificaret
487 1473 516 1556 ⁵).
558 1476 603 1533 Ex
624 1476 673 1541 illa
694 1477 765 1535 bora
786 1479 826 1535 ita
848 1479 942 1550 eoepit
963 1469 1180 1556 ordinem-dili-

146 1580 222 1639 gere,
243 1568 276 1620 ut
297 1581 355 1621 nou
378 1564 543 1637 quiesceret,
566 1563 665 1629 donecl
677 1581 752 1621 unus
775 1581 809 1622 ex
824 1562 929 1621 ordinis
944 1565 1073 1639 personis
1088 1562 1180 1620 fieret.

147 1649 242 1708 Multa
262 1650 314 1708 tibi
334 1649 428 1708 adhuc
451 1650 543 1709 dicere
564 1667 680 1726 possem
695 1647 715 1730 ⁶)
739 1649 774 1708 de
796 1649 858 1723 bis,
881 1652 930 1725 qui
953 1649 1082 1724 exemplo
1105 1649 1180 1707 alio-

147 1755 211 1796 rum
234 1739 364 1795 conversi
385 1743 466 1812 sunt;
489 1736 541 1795 sed
561 1738 694 1796 brevitati
711 1735 884 1795 studendum
895 1742 946 1795 est.
975 1733 1180 1795 NOVICIUS:

147 1825 192 1882 Ex
213 1823 258 1882 his
281 1841 354 1899 qnae
375 1825 433 1882 iam
455 1824 566 1898 audivi,
589 1830 697 1882 certum
719 1831 779 1898 est,
802 1823 872 1882 alios
895 1825 1023 1882 converti
1043 1839 1094 1897 per
1116 1839 1181 1880 ser-

147 1927 262 1969 monem
284 1911 503 1984 exhortationis,
525 1910 596 1969 alios
617 1929 668 1986 per
689 1913 824 1970 virtutem
847 1912 996 1983 orationis,
1027 1908 1181 1968 nonnullos

148 1996 209 2056 solo
232 1996 362 2072 exemplo
385 1996 537 2072 religionis.
580 1996 814 2056 MONACHUS:
836 1997 954 2054 Dictum
975 2002 1019 2055 est
1040 1998 1181 2070 superius,

148 2083 242 2143 adhuc
265 2082 335 2142 alias
358 2101 420 2142 esse
444 2101 546 2142 causas
568 2082 751 2159 multiplices,
785 2100 858 2158 quae
890 2083 987 2142 multis
1015 2084 1182 2142 occasiones

53 2170 58 2179 ‘
147 2176 214 2228 sunt
236 2172 447 2243 conversionis,
470 2168 577 2228 scilicet
598 2170 802 2243 infirmitatem,
824 2176 1036 2244 paupertatem,
1057 2170 1182 2243 captivi-

147 2262 251 2330 tatem,
280 2263 378 2315 notam
407 2255 527 2342 alicuius
553 2256 703 2345 infamiae,
730 2256 886 2331 periculum
908 2259 1066 2332 praesentis
1088 2257 1183 2330 vitae,

147 2345 279 2401 timorem
300 2345 360 2402 sive
381 2345 521 2402 visionem
542 2342 707 2418 gehennalis
729 2360 852 2417 poenae,
885 2343 978 2402 solum
1010 2341 1183 2402 desiderium

149 2429 279 2489 coelestis
307 2432 384 2488 vitae
401 2425 430 2508 ⁷).
472 2428 674 2489 NOVICIUS:
707 2430 753 2488 De
780 2429 824 2488 his
852 2447 953 2505 precor
989 2436 1022 2488 ut
1050 2428 1183 2503 exempla

147 2518 313 2593 subiungas.
355 2515 589 2575 MONAOHUS:
613 2516 698 2592 Quod
715 2517 856 2592 quosdam
870 2516 1023 2593 compellat
1032 2508 1182 2574 iufirmitas

149 2606 284 2679 converti,
305 2603 431 2679 quotidie
452 2603 593 2662 videmus.

487 2792 719 2853 CAPITULUM
740 2793 841 2852 XXV.

189 2918 237 2975 Dc
258 2917 413 2975 Lodewico
434 2917 525 2975 milite
541 2923 666 2990 propter·
686 2922 790 2973 cotum
811 2919 1005 2975 conversionis
1027 2921 1143 2973 sancto.

211 3051 289 3111 Ante
311 3052 366 3110 hoc
387 3054 538 3111 triennium
559 3053 640 3111 miles
663 3053 780 3127 quidam
797 3053 967 3111 Lodewicus
989 3053 1121 3125 nominc,
1145 3052 1182 3112 dc

148 3145 241 3199 castro
254 3138 322 3212 Are,
343 3141 372 3196 in
394 3142 485 3197 acutis
506 3138 666 3213 laborabat,
689 3145 718 3196 et
731 3146 851 3198 vocatus
866 3145 910 3198 est
924 3138 1055 3198 dominus
1067 3138 1182 3213 Abbas,

148 3233 180 3285 ut
207 3225 515 3285 infirmum0visitaret.
558 3226 754 3284 Invalescente
769 3223 792 3306 ⁸)
820 3225 996 3299 infirmitate,
1029 3244 1094 3285 cum
1122 3228 1182 3285 iam

147 3312 228 3372 miles
250 3312 326 3371 idem
348 3314 461 3371 onmino
485 3319 560 3372 esset
580 3312 756 3387 desperatus,
777 3315 902 3371 monitus
928 3320 972 3371 cst
997 3313 1035 3371 ab
1055 3311 1182 3388 Abbate‚

147 3406 179 3459 ut
200 3417 231 3458 sc
254 3398 510 3474 ordinitredderet‚
544 3405 572 3457 et
600 3406 701 3458 votum
730 3401 939 3475 conversionis,
970 3407 1003 3458 ut
1032 3416 1094 3458 mos
1122 3406 1181 3472 est,

166 3584 334 3653 i)Bnavi.
356 3613 386 3624 -
415 3585 557 3650 2)etom
575 3584 624 3637 BC.
643 3615 674 3626 -
703 3584 1181 3651 3JDamoremeouversiouis

214 3655 351 3720 accepit.
373 3684 403 3694 -
423 3655 455 3721 4)
474 3655 493 3706 Β
512 3656 648 3723 gratiam
675 3654 801 3717 habuit,
826 3655 845 3706 P
863 3654 1006 3707 babebat
1033 3655 1180 3723 gratiam.

218 3751 248 3762 -
268 3723 299 3791 5)
317 3722 358 3774 ΒΡ
375 3723 592 3791 glorificaret.
613 3754 643 3763 -
663 3724 695 3791 6)
713 3723 732 3774 P
750 3724 1019 3790 possem-dicere.
1038 3755 1069 3765 -
1089 3724 1120 3792 7)
1138 3723 1182 3776 bt*

215 3794 348 3863 patriae.
369 3821 399 3834 -
419 3794 451 3863 ti)
469 3793 531 3846 Bor
548 3793 786 3848 inardescente.
