2438 4170
90 250 152 309 144
402 247 629 311 DIS'HNOTIO
648 247 798 311 TERTIA
1087 297 1090 301 ‚

87 373 178 432 iustos
206 368 312 445 redire,
340 372 505 432 ausorrltans
532 371 617 432 valde
647 372 796 449 diligenter
822 369 892 448 quid
919 370 962 431 illi
988 370 1122 449 dixerim,

89 457 195 534 quidve
217 460 257 516 eis
277 474 446 533 responsum
467 462 504 518 sit
524 477 548 522 o⁴
570 465 613 534 to,
641 466 670 519 et
696 458 774 534 quod
794 465 862 534 post
883 462 985 537 gravia
1004 464 1112 536 pacm

87 547 229 620 promissa
250 547 287 603 sit
308 547 349 603 eis
369 545 545 622 indulgentia
557 549 673 620 vitaque
695 552 819 605 aeterna
863 546 928 623 Ego
948 562 1027 621 vero,
1046 544 1110 605 idn

88 649 207 707 sperans
229 633 378 706 consequi,
407 635 473 691 veni
502 635 554 692 tibi
574 639 694 708 peccata
715 649 780 692 maa
802 631 940 692 confiteri.
981 630 1106 693 sauia

88 735 173 792 vero,
207 717 337 793 exemplo
359 722 451 778 sancti
471 718 587 777 Martini
604 715 635 797 ¹),
665 719 778 777 diabolo
806 718 976 779 fiducialiter
1002 736 1104 795 reapon-

89 804 143 863 dit:
172 805 202 864 Si
224 804 348 863 volueris
368 808 410 863 uti
439 806 555 865 consilio
577 822 657 881 meo,
687 813 715 864 et
743 822 828 881 agere
857 802 1101 883 poenitentiam&

87 893 214 968 peccatis
235 894 290 949 tuis
311 908 397 966 pure,
426 894 500 951 siout
520 893 563 966 hi,
586 910 657 967 quos
679 892 745 951 hino
767 894 844 951 exire
866 894 976 968 vidisti,
1002 890 1099 953 dmin

87 977 293 1053 indulgentiam
316 981 505 1053 consequeris.
547 979 707 1054 Respondit
728 977 865 1038 daemon:
895 980 927 1040 Si
947 978 1097 1039 tolerablln

89 1064 159 1124 milri
181 1067 334 1123 iniunxeris
356 1066 591 1140 satisfactionem,
619 1066 728 1141 parebo
750 1066 810 1124 tibi.
853 1066 934 1143 Ego,
962 1068 1047 1143 inquil
1062 1080 1095 1125 n·

90 1151 198 1225 cerdos,
219 1151 304 1210 valde
326 1152 483 1226 modicam,
505 1159 534 1212 et
554 1155 692 1212 minorem
713 1153 770 1226 his,
792 1154 841 1226 qui
863 1159 931 1213 ante
953 1159 981 1213 te
1002 1150 1116 1229 confi¹

88 1244 163 1313 sunt,
183 1238 235 1296 tibi
248 1240 393 1314 iniungam
405 1242 617 1314 poenitentiam.
659 1238 743 1298 Vade
766 1245 795 1298 et
814 1241 907 1299 tribus
916 1236 1093 1300 vicibusindn

88 1327 164 1410 iacta
177 1333 206 1383 te
218 1327 248 1382 in
269 1331 389 1400 terram3
412 1328 510 1401 sieque
521 1332 679 1400 prostratus
694 1326 796 1385 dicasz.
809 1326 936 1389 Domine
947 1327 1023 1389 Dens
1035 1340 1092 1386 crot-

89 1418 136 1471 tor
161 1429 257 1485 meus,
284 1414 403 1486 peccavi
424 1413 490 1487 tibi,
518 1415 635 1488 ignosco
664 1413 741 1471 mihi.
783 1412 849 1473 Hoc
879 1410 1092 1473 solummodorl

88 1500 264 1574 poenitentia
284 1504 342 1557 tua.
386 1498 515 1575 Cumque
538 1499 668 1559 diabolus
690 1500 809 1559 diceret:
841 1500 908 1560 Non
929 1518 1040 1577 possum
1055 1496 1108 1557 lot'

88 1585 198 1660 facere,
225 1587 308 1644 nimis
336 1591 379 1645 cst
407 1586 476 1644 mihi
496 1603 598 1662 grave3
628 1586 774 1663 respondit
800 1578 949 1646 sacerdos:
979 1584 1090 1664 Quarclr

88 1679 157 1731 tam<
170 1672 282 1731 modico
304 1672 452 1748 gravaris?
496 1673 560 1732 Non
583 1690 715 1749 possum,
741 1675 846 1749 inquit,
880 1692 928 1735 me
956 1677 986 1733 in
1010 1676 1090 1733 turn

89 1759 238 1819 humiliare
268 1762 302 1819 ei.
351 1758 441 1818 Aliud
469 1760 605 1834 quicquid
637 1763 806 1834 iniunxeris,
837 1760 930 1820 libens
953 1760 1090 1835 suscipiam

89 1846 172 1906 Tunc
192 1846 356 1923 indignatus
378 1846 518 1921 sacerdos,
540 1848 699 1905 subiunxit:
723 1846 748 1906 O
771 1846 900 1922 diabole,
932 1850 958 1907 si
978 1852 1048 1907 tante
1061 1844 1090 1903 a!

90 1933 183 1992 cordis
205 1936 246 1992 tui
259 1934 401 2008 superbia,
421 1941 454 1992 ut
474 1951 528 1993 neo
550 1933 622 1993 velis
643 1951 697 1993 nec
714 1937 806 2010 possis
827 1940 857 1993 te
878 1937 908 1992 iu
929 1941 989 1995 tam
1007 1930 1089 1993 model

89 2019 238 2079 humiliare
261 2019 387 2079 Creatori
407 2026 473 2095 tuo,
500 2020 602 2101 recede
624 2038 642 2078 a
663 2038 724 2095 ma,
751 2023 820 2096 quia
840 2038 935 2096 noque
956 2023 1001 2081 hic
1023 2028 1091 2092 uoqll

89 2108 119 2165 in
140 2107 233 2165 futuro
248 2107 471 2166 misericordiam
493 2108 529 2165 ab
552 2107 600 2166 illo
616 2111 805 2181 consequeris.
849 2107 899 2166 Ad
921 2114 1091 2185 quamvottffi

90 2210 158 2251 mox
189 2193 237 2252 ille
264 2196 388 2253 evanuit.
441 2193 644 2253 NOVICIUS:
678 2193 783 2252 Mirum
791 2191 811 2274 ²)
842 2195 921 2269 quod
950 2199 990 2255 sic
1014 2211 1040 2252 sc
1055 2204 1091 2247 sl·

90 2280 195 2355 perbus
217 2279 264 2338 ille
286 2283 399 2356 spiritus
420 2281 569 2353 humiliare
597 2284 690 2356 potuit
709 2281 832 2355 homini,
858 2290 887 2341 et
908 2299 967 2342 non
988 2272 1092 2340 &calori

90 2366 324 2426 MONACHUS:
343 2367 408 2427 Hoc
421 2375 464 2427 est
481 2367 559 2443 quod
569 2368 666 2426 David
676 2368 741 2426 Deo
753 2368 834 2427 dicit:
853 2369 1091 2444 soperbcoanm

89 2453 119 2512 id
141 2460 191 2528 est,
214 2455 392 2527 daemonum,
415 2459 467 2530 qui
489 2461 516 2513 te
538 2455 671 2526 oderunt,
695 2456 823 2513 ascendii
844 2453 1009 2534 company:
1030 2444 1093 2512 Uilli

91 2544 186 2599 statim
208 2543 237 2599 in
260 2543 390 2616 sequenti
411 2541 527 2600 Psalmo
550 2542 694 2599 subditur:
719 2541 928 2616 Confitebimar
950 2542 1005 2615 tibi,
1023 2539 1093 2599 Dm,

90 2627 291 2703 confitebimur
297 2650 308 2702 ,-
330 2630 412 2702 quasi
427 2628 517 2686 dicat:
539 2628 599 2686 Nos
611 2628 741 2687 homines
755 2628 952 2687 confitebimur
965 2630 1012 2687 tibi
1023 2617 1094 2686 eorde,

90 2715 288 2774 confitebimur
310 2721 338 2773 ct
359 2732 422 2790 orc3
446 2714 600 2773 daemones
614 2733 682 2774 vero
697 2717 913 2789 impoenitentes
934 2722 1005 2774 suut.
1038 2701 1093 2768 N0·

89 2802 236 2861 VICIUS:
261 2801 333 2860 Cum
355 2808 489 2876 peccator
509 2802 616 2861 habeat
632 2820 664 2861 os
687 2808 715 2860 et
734 2801 861 2878 linguam
882 2795 1094 2878 adloquendum

89 2888 194 2947 sufficit
215 2891 249 2964 ei,
271 2891 295 2947 si
316 2895 436 2963 peccata
457 2907 511 2947 sua
532 2891 636 2964 scripto
659 2888 847 2948 confiteatur?

413 3079 644 3140 CAPITULUM
664 3081 797 3140 XXVII.

176 3200 224 3258 De
246 3217 278 3258 eo
301 3201 383 3275 qood
401 3219 463 3260 non
484 3201 613 3278 sufficiat
634 3205 741 3278 serario
764 3203 906 3277 confiteri,
927 3203 984 3261 aiei
1001 3202 1028 3258 ia

520 3293 695 3348 necessitate.

154 3388 387 3451 MONACHUS:
409 3391 473 3450 Non
485 3384 625 3471 videtur⁴)
643 3393 780 3467 sulficere,
802 3394 870 3468 quia
880 3410 928 3452 ore
942 3385 1062 3452 consessio
1069 3370 1093 3433 Εἴ

90 3477 128 3535 ad
149 3477 270 3536 salutem
282 3475 311 3556 ⁵).
356 3478 411 3553 Qui
432 3481 455 3536 si
478 3479 566 3537 semel
584 3487 703 3555 peecata
724 3498 777 3538 sua
799 3498 848 3539 ore
869 3480 953 3539 fuerit
965 3475 1092 3538 codena

89 3571 190 3640 postca
212 3568 314 3639 scripto
337 3583 368 3623 sc
386 3564 506 3640 amplius
520 3568 691 3627 confundere
712 3570 823 3644 poterit,
844 3570 918 3626 sieut
938 3559 1092 3644 poculenta

110 3751 140 3819 1)
158 3752 243 3803 sever.
263 3753 287 3802 n
305 3751 362 3802 vna
380 3751 405 3804 s.
424 3752 520 3803 uariis.
539 3769 593 3819 cap.
614 3753 655 3804 ar.
676 3782 705 3791 -
725 3753 757 3821 a)
775 3753 817 3809 ac
835 3755 945 3806 mirum
962 3758 1013 3804 aa.
1031 3770 1053 3784 .
1069 3731 1091 3799 3)

158 3821 221 3872 esar.
242 3822 282 3887 73,
300 3822 342 3874 aa
363 3850 393 3861 -
413 3822 445 3892 4)
463 3821 483 3875 o
501 3821 549 3873 auu
567 3824 598 3874 er.
619 3853 648 3861 -
670 3824 701 3891 5)
720 3822 789 3874 nom.
809 3825 911 3888 ro‚1o.
