2460 4162
436 204 491 264 DE
513 203 790 268 CONTRI'HONE.
1074 208 1134 268 10⁷

80 321 207 400 reliquo
228 323 426 403 eleemosynas
447 327 522 387 lecit.
565 328 631 388 Hoc
652 331 682 387 in
703 332 759 389 isto
772 330 879 389 factum
895 347 954 389 non
968 336 1019 389 est.
1049 330 1135 407 Quod

78 417 192 473 autem
213 411 270 473 lroc
291 413 384 490 liccat,
406 432 441 474 cx
462 413 518 475 hoe
541 417 618 491 quod
639 419 767 492 sequitur
789 417 919 493 exemplo
943 416 1099 477 docebitur.

405 638 639 700 circumitur
659 637 845 721 xxxnur)

218 760 269 837 lle
291 781 464 838 contritione
481 779 650 839 ‘lbcobaldi
669 782 804 838 morardi
824 776 1010 838 Pornsicnec‘c.

158 951 350 1028 Temporibus
359 951 484 1029 Philippi
489 952 578 1029 Regis
584 953 768 1028 Francorum,
780 952 1008 1028 praedecessoris
1019 950 1103 1011 huius
1117 948 1133 1032 ¹)

59 1039 146 1113 qui
165 1038 252 1099 hodie
272 1046 382 1115 regnat,
405 1046 466 1098 erat
485 1041 516 1097 in
538 1042 654 1101 civitate
674 1040 829 1100 Parisicnsi
850 1042 995 1098 usurarius
1017 1038 1135 1114 quidam

60 1122 259 1202 ditissimus,
280 1125 465 1186 Theobaldus
487 1129 610 1186 nomine.
652 1126 709 1186 Hic
731 1145 797 1186 cum
807 1127 928 1186 haberet
937 1127 1134 1202 possessiones

57 1209 240 1288 plurimes,
260 1212 442 1288 infinitasque
462 1216 599 1289 pecunias
622 1231 657 1272 ex
672 1216 765 1273 usuris
779 1218 975 1290 congregatas,
998 1212 1133 1292 divinitus

63 1307 296 1375 compunctus,
323 1300 361 1359 ad
389 1303 556 1376 magistrum
576 1299 743 1360 Mauritinm
765 1301 894 1360 eiusdem
916 1302 1038 1360 civitatis
1059 1300 1133 1376 Epi-

65 1400 213 1462 scopum
233 1389 333 1466 venit,
355 1389 473 1462 eiusque
494 1404 526 1446 se
549 1389 665 1459 consilio
688 1385 857 1467 submisit²).
900 1387 952 1446 Ille
974 1404 1042 1447 vero
1065 1404 1132 1446 cum

66 1470 130 1528 in
147 1473 342 1534 aedificatione
363 1474 501 1534 ccclesiae
517 1471 538 1553 ³)
560 1475 663 1535 beatae
683 1475 741 1534 Dei
761 1476 903 1551 genitricis
932 1475 1015 1533 nimis
1036 1474 1132 1534 lerve-

79 1563 153 1633 ret,
172 1560 316 1620 consuluit
337 1563 377 1635 ei,
411 1567 551 1636 quatenus
583 1565 720 1638 pecunias
741 1580 809 1621 suas
831 1561 869 1620 ad
890 1567 1064 1620 structuram
1083 1563 1132 1619 in-

82 1640 188 1706 ebron
209 1649 304 1724 operis
325 1644 514 1708 contraderet.
557 1648 613 1725 Qui
633 1648 796 1708 huiusmodi
817 1648 932 1707 consilio
965 1647 1132 1724 aliquantu-

89 1723 156 1790 lum
172 1735 227 1795 sibi
248 1741 396 1810 suspecto,
425 1734 495 1793 adiit
515 1738 683 1812 magistrum
704 1734 822 1797 Petrum
844 1734 1013 1809 cantorem,
1041 1734 1133 1794 verba

96 1808 228 1898 Episcopi
250 1823 277 1880 ei
297 1823 452 1881 insinuans.
497 1821 550 1881 Oui
569 1823 616 1881 ille
638 1822 798 1898 respondit:
821 1821 887 1881 Non
909 1821 987 1880 dedit
1008 1822 1060 1880 tibi
1074 1821 1131 1882 bo·

100 1910 162 1967 ”mn
181 1907 334 1969 consilium
354 1907 410 1967 hac
431 1910 510 1984 vice,
532 1909 583 1968 sed
604 1908 679 1968 vade
701 1915 730 1968 ct
751 1909 796 1968 fac
819 1909 935 1967 clamari
955 1925 1006 1984 per
1025 1909 1130 1967 eivita-

102 1983 151 2049 lssn
170 1995 227 2055 snb
248 2011 322 2055 voce
343 1997 508 2071 praeconis,
531 1997 598 2071 quia
618 2003 736 2072 paratus
758 1999 797 2055 sis
818 1998 965 2054 restituere
987 1995 1130 2070 omnibus,

95 2078 237 2152 ⁸curbus
258 2081 367 2157 aliquid
388 2099 475 2158 supra
496 2090 601 2142 sortem
623 2084 766 2159 accepisti.
808 2083 988 2158 Factumque
1018 2084 1130 2145 estita.

130 2162 140 2178 ⁸
166 2169 205 2229 de
225 2167 338 2228 rediens
359 2167 397 2228 ad
418 2171 586 2246 magistrum
608 2172 662 2228 cit:
693 2168 833 2229 Omnibus
862 2169 899 2227 ad
921 2187 967 2228 me
988 2169 1130 2228 venienti-

81 2229 147 2323 ὁῧδ,
175 2262 251 2315 teste
272 2257 452 2330 conscientia,
475 2259 572 2315 omnia
592 2259 702 2315 restitui
723 2257 836 2331 ablata,
858 2262 887 2316 et
907 2255 1003 2315 adhuc
1025 2272 1128 2331 super-

69 2332 155 2397 ⁸¹11st
177 2342 310 2419 plurima.
353 2342 436 2402 Tunc
456 2343 518 2403 ille:
539 2342 638 2418 Modo,
651 2340 762 2419 inquit,
783 2345 890 2418 poteris
913 2342 980 2402 dare
1003 2342 1130 2402 elcemo-

63 2418 227 2511 ’Μὴ
261 2446 369 2488 secure.
411 2429 532 2506 Retulit
553 2430 622 2488 mihi
651 2431 782 2489 dominus
802 2418 907 2489 Daniel
928 2428 1031 2488 Abbes
1053 2429 1129 2488 Sco-

56 2504 211 2595 Qviae,
233 2515 311 2592 quod
332 2515 371 2575 ad
392 2517 541 2575 consilium
563 2517 690 2577 eiusdem
713 2516 859 2590 Cantoris,
881 2534 932 2592 per
953 2516 1064 2592 plateas
1087 2518 1130 2574 ci-

55 2590 187 2662 ”latis
209 2602 305 2662 nudus
325 2605 356 2661 in
376 2605 436 2661 suis
457 2603 640 2663 femoralibus
661 2606 821 2678 incesserit,
848 2620 931 2662 servo
962 2621 1027 2662 cum
1047 2604 1130 2679 virga

49 2680 87 2727 ’θ
124 2684 321 2767 impellente,
343 2707 378 2749 cc
400 2689 526 2749 dicente:
554 2691 632 2750 Ecce
653 2693 706 2750 iste
730 2696 773 2749 est
793 2690 856 2764 ille,
888 2707 974 2764 quem
995 2706 1047 2764 pro
1071 2691 1130 2748 suis

48 2767 219 2835 pecuniis
245 2777 426 2851 Principatus
461 2776 633 2851 honorabat,
667 2780 717 2852 qui
744 2777 818 2838 filios
845 2777 984 2835 nobilium
1013 2774 1130 2835 obsides

48 2844 217 2945 &nebat
259 2862 286 2922 N
289 2861 463 2924 OVICIUS:
484 2863 530 2921 Ex
550 2864 594 2922 his
610 2864 723 2923 duobus
735 2866 869 2923 usurariis
880 2863 990 2939 plenius
1002 2879 1129 2939 agnosco

50 2944 226 3033 {nutem
247 2952 438 3025 contritionis,
466 2953 533 3026 quia
553 2958 587 3009 ut
608 2950 776 3025 considero,
798 2950 833 3010 de
856 2953 937 3009 cuius
959 2949 1044 3009 corde
1064 2949 1130 3009 fons

55 3034 150 3122 ΨΒ
174 3039 301 3112 scaturit,
322 3037 417 3095 nullus
438 3037 529 3112 labor,
549 3037 644 3096 nullus
665 3038 773 3112 horror,
794 3037 888 3095 nullus
909 3037 1016 3112 pudor,
1038 3053 1129 3096 venas

58 3106 167 3183 ΨΜ
193 3124 342 3184 obstruere
369 3124 487 3184 valebit
536 3123 774 3184 MONACHUS:
807 3125 917 3183 Verum
947 3125 1033 3198 dicis,
1062 3125 1130 3199 quia

69 3210 224 3270 contritio
245 3228 320 3287 quae
340 3213 442 3271 timore
462 3228 570 3286 parvae
598 3213 790 3286 poenitentiae
819 3214 989 3285 exsiccatur,
1020 3211 1128 3270 iontem

78 3298 151 3357 Μ
170 3297 260 3357 habet
279 3298 356 3358 unde
376 3298 455 3357 fluct.
498 3297 701 3359 NOVICIUS:
723 3297 847 3357 Videtur
867 3298 937 3355 mihi
949 3316 1036 3357 usura
1050 3297 1128 3356 mul-

89 3388 156 3445 nrm
175 3401 238 3447 essc
260 3383 417 3445 defectivae
438 3391 566 3461 naturae,
588 3387 656 3462 quio
676 3401 741 3444 raro
763 3384 801 3445 ad
823 3387 946 3461 tertiam,
966 3387 1128 3460 sivequar-

122 3567 249 3637 ⁸)llomil.
266 3570 285 3624 l.
303 3586 329 3639 p.
349 3571 407 3655 ili.
428 3571 509 3654 -,1).
527 3571 605 3624 verbe
623 3570 901 3654 prae-decessoris
927 3571 1038 3655 huius,
1064 3587 1131 3640 qnae

161 3639 254 3775 retr}
269 3639 1129 3780 uamnuncu„ricccccmus

161 3783 366 3846 nonssterii3
383 3781 450 3834 coni.
468 3781 512 3848 lil,
529 3783 571 3836 60.
591 3811 622 3822 -
640 3781 674 3850 4)
690 3780 754 3834 ADP
773 3781 1016 3849 eleemosynam
1042 3779 1131 3834 darc.
