2460 4162
413 238 469 299 DE
490 235 752 301 ΤΕΝΤΑΤΙΟΝΕ.
1038 240 1098 300 131

64 360 198 439 praelato
219 359 306 422 modo
328 361 508 438 supradictus
528 379 682 422 conversus
710 363 748 422 ab
770 360 1011 428 administratione
1032 378 1101 436 sua,

64 449 255 526 Praepositus
276 448 314 508 ad
335 467 422 508 unam
443 452 625 526 grangiarum
646 466 762 508 suarum
783 451 877 524 venit,
903 450 934 507 in
955 465 1013 522 qua
1033 441 1108 524 pul?

66 534 133 595 lum
152 538 287 613 eqmnum
308 535 458 612 pulchrum
478 538 548 595 satis
568 536 648 595 vidit.
689 535 736 596 De
760 552 818 611 quo
838 538 896 594 iam
914 535 1022 594 dietum
1042 534 1102 595 tra·

67 629 159 697 nam,
187 624 268 682 euius
290 629 366 683 esset
392 622 440 682 vel
464 622 543 683 unde
571 625 694 698 veniret,
726 625 918 699 interrogavit
962 621 1016 681 Oui
1037 639 1103 681 cunr

67 725 227 771 conversus
246 709 445 786 responderet:
478 709 556 768 Talis
578 710 664 769 homo
693 711 786 768 bonus
816 716 844 768 ct
871 708 963 768 fidelis
994 710 1104 768 amicus

68 803 170 857 uester
197 799 321 857 moriens
350 814 416 856 eum
443 797 527 856 nobis
554 797 676 873 legavit,
705 799 746 856 ait
772 796 971 871 Praepositus:
1000 794 1104 855 Utrum

69 899 109 943 cx
138 882 302 958 devotione,
330 882 378 943 vel
405 901 440 943 ex
469 883 564 957 aliquo
593 886 653 968 iure
678 883 786 959 legavit
814 882 901 942 euml
944 883 1105 957 Respondit

69 985 242 1030 conversus:
273 970 319 1028 Ex
348 969 469 1029 decessu
495 970 569 1028 illius
598 972 720 1029 emersit.
762 969 837 1027 Nam
859 986 931 1028 uxor
960 971 1035 1042 eius,
1067 986 1102 1028 eo

69 1055 152 1133 quod
173 1062 248 1137 esset
269 1056 304 1116 de
326 1056 433 1116 familia
453 1062 558 1132 nostra,
582 1059 643 1115 iure
666 1055 837 1115 curmeidiae
855 1053 871 1136 ¹)
892 1056 970 1114 illurn
993 1055 1103 1114 obtulit

68 1142 155 1202 Tunc
182 1142 229 1202 illc
258 1161 377 1203 movens
407 1149 508 1218 caput,
536 1142 682 1218 respondit
710 1144 829 1202 verbum
857 1144 936 1217 pium
948 1140 985 1223 ²)t
1029 1141 1104 1217 Quia

67 1229 166 1290 bonus
192 1229 280 1289 homo
310 1236 338 1289 et
366 1232 476 1289 amicus
504 1237 601 1289 noster
628 1229 719 1288 fidelis
746 1236 820 1304 erat,
852 1229 956 1288 idcirco
985 1245 1102 1287 uxorem
1134 1260 1137 1265 >

68 1317 135 1378 dus
155 1315 303 1392 spoliasti?
345 1316 446 1377 Redde
468 1333 536 1393 ergo
557 1317 679 1376 feminae
702 1316 853 1376 destitutae
875 1333 981 1391 equum
1002 1333 1102 1390 suurn,

67 1405 140 1480 quia
152 1405 252 1479 rapina
272 1409 324 1478 cst,
345 1400 538 1483 1111111113)
561 1420 660 1478 rapere
682 1403 729 1462 vel
750 1405 879 1462 retinere
922 1402 1003 1461 Tuus
1026 1404 1103 1461 enim

66 1495 157 1551 antea
176 1506 234 1549 uon
255 1490 316 1549 fuit.
337 1520 341 1525 ·
359 1489 433 1566 Quia
453 1489 529 1549 idern
543 1490 727 1565 Praepositus
749 1493 792 1548 vir
813 1488 937 1565 prudens
960 1495 1029 1562 erat,
1050 1505 1102 1564 pro

65 1577 191 1654 negotiis
218 1579 383 1636 monasterii
410 1576 573 1652 egredieris,
604 1594 702 1636 secum
723 1579 841 1634 iuvenes
863 1578 956 1634 minus
984 1576 1103 1634 libenter

66 1660 204 1723 ducebat
245 1663 372 1723 Noverat
394 1665 469 1722 enlm
490 1663 545 1723 hoc
568 1666 609 1723 eis
631 1680 689 1721 non
708 1662 849 1738 expedire,
869 1668 985 1737 propter
1006 1667 1102 1720 tenta-

64 1751 161 1811 tiones
172 1749 336 1810 diabolicas.
368 1750 424 1808 Die
439 1751 563 1833 quadarn
577 1767 643 1809 cunr
656 1766 745 1807 unum
757 1767 793 1808 cx
805 1748 1032 1807 adolescentibus
1054 1765 1102 1808 se·

68 1836 313 1898 cumadduxisset
322 1833 354 1917 ⁴),
369 1843 398 1896 et
410 1836 493 1895 simul
505 1839 672 1913 equitantes,
691 1838 787 1895 nescio
804 1835 872 1911 quid
883 1833 931 1894 vel
941 1834 1017 1894 unde
1030 1851 1101 1894 eon-

65 1923 183 1999 terrent,
205 1924 320 1983 obviam
341 1924 502 1984 habuerunt
523 1923 704 1983 iuvenculam
724 1924 887 1981 formosam.
920 1920 1013 1996 Quam
1035 1916 1101 1981 culn

67 2027 108 2073 ax
135 2009 273 2070 industria
295 2028 402 2087 equum
429 2028 513 2069 suum
544 2008 714 2070 retrahendo
735 2009 920 2084 Praepositus
948 2007 1102 2070 salutasset

67 2095 291 2173 officiosissime,
312 2100 390 2156 stetit
416 2096 479 2171 illa,
512 2104 541 2156 et
567 2097 701 2156 inclinato
725 2098 818 2171 eapite
838 2095 1005 2154 resalutavit
1026 2113 1100 2155 eum.

67 2182 146 2245 011111
165 2183 314 2261 paululum
334 2186 547 2260 processissent,
568 2184 667 2243 volens
681 2184 866 2258 Praepositus
887 2188 995 2242 tentare
1016 2184 1101 2242 iuve-

66 2273 231 2347 111111,.11ἰι;
260 2271 362 2330 Puella
382 2273 437 2329 ista
457 2270 609 2330 videbatur
630 2270 699 2328 mihi
720 2269 840 2328 multum
861 2268 985 2328 formosa
1005 2269 1100 2329 tuisse

68 2357 127 2419 cnr
147 2375 213 2417 eum
233 2357 281 2417 ille
303 2357 424 2417 diceret:
458 2355 570 2416 Credite
598 2357 682 2431 mihi,
715 2356 844 2430 domine,
873 2362 902 2415 et
922 2356 977 2414 hoc
1005 2359 1100 2431 ipsum

66 2446 167 2505 vtsnm
192 2451 237 2504 cst
256 2444 341 2520 mihi3
369 2444 515 2520 respondit
536 2444 735 2519 Praepositus:
764 2441 860 2502 Unum
882 2449 993 2501 tantum
1005 2439 1025 2520 ⁵)
1048 2443 1101 2501 de-

66 2532 174 2592 format
194 2548 271 2607 carn,
303 2531 411 2621 scilicet
432 2527 509 2606 quod
530 2530 682 2589 monocula
704 2536 756 2589 est
797 2529 956 2604 Respondit
976 2531 1100 2588 iuvenis:

66 2618 164 2694 Vera,
185 2617 313 2695 domine,
339 2624 491 2693 utrumque
513 2616 627 2677 oculum
647 2617 750 2693 habet;
773 2633 826 2693 ego
849 2617 924 2675 enim
946 2618 1014 2674 satis
1035 2614 1100 2673 dili-

65 2710 172 2784 genter
191 2704 369 2764 consideravi
390 2722 463 2764 eam.
499 2705 580 2763 Tunc
601 2710 696 2762 motus
709 2703 893 2777 Praepositus
914 2704 965 2760 ait:
987 2702 1024 2759 Et
1045 2718 1100 2778 ego

66 2791 256 2853 considerabo
280 2791 395 2851 dorsum
416 2797 506 2849 tuum.
538 2791 648 2850 Tantae
661 2790 799 2848 debueras
821 2805 883 2848 esse
904 2787 1100 2863 simplicitatis,

66 2885 104 2939 nt
124 2885 219 2938 udum
241 2885 316 2937 essct
336 2875 431 2958 mas‘)
453 2877 500 2936 vol
520 2878 633 2952 semina,
654 2879 727 2937 scire
743 2893 801 2934 non
818 2892 926 2953 posses.
954 2875 1100 2934 Reversus

66 2981 140 3026 vero
160 2965 198 3025 ad
219 2968 436 3041 monasterium,
459 2965 527 3023 dixit
548 2965 721 3024 senioribus:
744 2963 805 3023 Vos
828 2962 946 3037 domini,
968 2960 1100 3037 quando·

66 3068 128 3129 quo
149 3054 266 3130 arguitis
286 3069 341 3127 me,
363 3051 440 3127 quod
458 3068 571 3110 mecum
593 3069 650 3110 non
672 3050 793 3109 educam
814 3051 945 3107 iuniores.
988 3049 1026 3107 Et
1048 3066 1100 3108 ex-

64 3154 180 3217 ponens
202 3140 243 3198 eis
265 3156 382 3199 causam
394 3135 430 3218 ⁷),
451 3138 629 3213 praedictum
649 3141 783 3196 iuvenem
806 3136 901 3195 durius
923 3137 1031 3212 arguit,
1052 3141 1100 3195 at·

66 3240 128 3303 que
148 3227 307 3302 castigavit.
329 3259 370 3267 —
392 3226 502 3284 Tantae
533 3227 608 3283 enirn
631 3230 692 3284 crat
712 3224 889 3297 literaturae,
917 3229 950 3281 ut
971 3229 1099 3298 ternpore

65 3310 196 3390 quodam
216 3329 268 3388 pro
290 3314 404 3389 negotio
427 3311 531 3371 ordinis
554 3313 599 3370 sui
620 3310 788 3370 cistercium
807 3326 937 3384 pergens,
958 3311 988 3367 in
1010 3308 1099 3384 Capi-

64 3392 139 3480 erlo}
150 3398 275 3476 generali
288 3399 395 3459 laceret
415 3414 584 3458 sermonem.
616 3397 698 3457 Haec
719 3396 788 3455 mihi
809 3396 904 3455 retulit
925 3395 1041 3472 quidam
1064 3413 1099 3455 ex

88 3603 123 3672 l)
139 3600 161 3663 0
176 3601 379 3684 curmeidac,
402 3600 651 3685 llcnrmcdlae..
672 3599 804 3655 Curmedia
828 3607 867 3651 est
889 3600 928 3651 ius
957 3598 1054 3650 domini·
1073 3598 1099 3649 in

137 3668 872 3809 11311111,131111111111
882 3665 1099 3805 sitiit}

137 3810 347 3865 llmrrcnlas.
368 3841 398 3852 -
417 3811 449 3880 t)
467 3809 487 3864 0
503 3825 620 3862 carum.
