2438 4170
13 130 18 237 li
131 166 134 173 .

12 248 16 281 l

12 294 16 313 r

403 106 458 167 DE
478 105 750 171 DAEMONIBUS.
1031 111 1093 171 313

62 232 126 291 hm
163 228 242 309 apud
282 228 489 291 Eberbacbum
531 247 618 306 quarn
659 228 738 307 apud
776 235 908 291 sanctam
948 228 1096 309 Agathan

62 330 153 395 nuper
182 316 396 393 defunctorum,
426 319 468 377 ita
498 316 683 394 probabiliter
714 317 750 377 de
780 318 914 396 singulis,
944 335 1016 394 quos
1047 326 1096 381 ta·

12 430 17 507 p
63 415 133 465 men
167 422 315 481 nunqnam
348 400 482 485 icmina')
521 405 646 479 viderat,
682 403 821 480 disseruit,
849 412 882 465 ut
915 403 1019 465 Abbas
1059 392 1110 469 dc⁵

63 492 181 553 aaran
215 491 287 551 nihil
316 491 483 569 ambigeret.
532 490 671 566 Dicebat,
702 490 774 552 tales
807 498 836 552 et
866 491 939 552 tales
971 509 1034 553 esse
1065 496 1096 555 in

62 572 168 655 dorla,
193 578 265 640 alios
294 578 389 638 adbuc
416 581 446 637 in
467 580 568 655 poenis
595 575 746 658 retineri2).
789 577 846 638 Pro
868 581 971 655 quibus
993 579 1095 641 Abbas

63 666 206 726 eradonas
244 667 366 725 instituit
405 665 551 742 speciales.
611 665 749 724 Instruxit
785 682 851 726 eum
890 672 918 726 et
957 666 993 726 de
1032 667 1095 728 aliis

61 750 172 829 nutu,
199 754 241 813 lta
260 758 294 811 nt
314 751 497 812 vehementer
517 754 674 811 miraretur.
716 752 825 812 Postea
845 760 962 830 rogatus
983 771 1002 814 a
1023 772 1094 815 eon-

61 844 165 915 verse,
189 845 224 898 nt
243 839 299 899 sibi
319 839 373 898 soli
394 856 460 898 curn
481 838 542 898 solo
563 837 642 914 loqui
661 838 768 913 liceret,
790 844 818 899 et
838 838 895 899 hcc
916 839 1019 900 Abbas
1040 860 1095 901 an-

58 928 169 1001 nuens,
204 943 270 985 curn
300 925 442 985 monacho
480 924 629 1001 paululum
661 925 821 1000 secederet,
857 929 897 985 ait
925 943 1092 988 conversus:

58 998 146 1071 Sicut
163 1014 308 1089 praecepit
319 1013 371 1072 tibi
382 1011 485 1072 Abbas
507 1029 597 1086 meus,
617 1012 751 1071 videlicet
771 1018 804 1071 ut
826 1014 852 1072 ei
872 1030 930 1072 ncn
951 1016 1005 1072 nisi
1027 1032 1095 1075 vera

59 1092 109 1156 ad
124 1099 295 1176 interrogata
307 1100 495 1175 responderes
503 1096 535 1178 ³),
556 1100 597 1158 ita
610 1105 639 1158 te
660 1116 773 1173 moneo,
794 1105 827 1159 ut
847 1101 872 1158 si
892 1099 1000 1176 aliquid
1021 1106 1095 1161 nosti

59 1172 98 1240 ln
117 1182 196 1266 mel),
217 1185 295 1262 quod
306 1188 441 1245 nocivum
452 1188 489 1245 sit
505 1188 618 1245 animae
634 1203 726 1260 meae,
747 1186 825 1245 dicas
839 1185 910 1245 mihi
929 1190 958 1245 in
979 1190 1096 1248 instanti

60 1256 172 1353 hora‘).
212 1272 372 1349 Respondit
399 1272 543 1332 diabolus:
573 1271 657 1331 Novi.
699 1272 770 1331 Heri
801 1272 918 1333 Abbatc
939 1280 989 1334 tuo
1010 1277 1095 1352 igno-

63 1364 159 1435 rann,
186 1357 338 1420 duodecim
366 1358 497 1418 denarios
524 1358 602 1435 apud
633 1359 797 1419 Traiectum
825 1361 1051 1421 accommodasti
1076 1381 1095 1424 a

65 1443 117 1505 tall
134 1446 240 1506 semina
260 1454 289 1506 et
308 1449 338 1505 in
358 1446 409 1505 tali
429 1445 508 1520 loco,
528 1448 684 1522 misistique
704 1447 768 1505 illos
789 1447 941 1522 panniculo
962 1449 1095 1526 inligatos

68 1525 212 1593 lnsinnrn
239 1540 321 1592 tuum
352 1535 422 1592 satis
441 1532 589 1609 profunde.
632 1532 718 1609 Quod
739 1534 854 1609 quidem
874 1552 975 1594 verum
995 1536 1096 1595 suerat

68 1610 139 1681 llam
157 1620 236 1681 idern
257 1637 426 1694 conversus,
446 1621 521 1679 sicut
540 1619 643 1693 retulit,
663 1618 747 1700 ista⁶)
769 1623 917 1697 cogitavit:
940 1622 972 1682 Si
992 1621 1096 1683 Abbas

70 1708 131 1767 trus
157 1706 264 1767 alicubi
293 1713 323 1767 te
353 1703 453 1786 icrte²)
475 1708 596 1780 miserit,
624 1706 748 1766 solidum
775 1709 862 1767 istum
889 1708 928 1768 ad
955 1726 1096 1784 expensas

67 1788 191 1867 babebis.
233 1793 290 1870 Qui
310 1796 364 1853 ait:
396 1794 478 1854 Nosti
505 1792 612 1868 aliquid
640 1792 784 1869 amplius?
813 1794 936 1855 Dicente
964 1795 1095 1871 diabolo,

65 1882 129 1943 uoti
154 1886 185 1941 te
211 1880 305 1941 iurem
331 1897 408 1956 csse3
437 1880 583 1955 respondit
610 1897 779 1940 conversus:
810 1881 935 1957 Exque
964 1887 1031 1943 veni
1056 1885 1095 1944 ad

64 1966 204 2044 ordinem,
231 1967 336 2027 nullius
368 1967 437 2025 milri
463 1968 529 2026 furti
557 1970 687 2027 conscius
714 1985 787 2026 sum.
828 1968 912 2028 Tunc
942 1970 1002 2037 ille:
1029 1971 1093 2050 Ego

62 2054 113 2123 tibi
137 2054 245 2115 furtum
271 2061 353 2113 tuurn
374 2054 533 2113 ostendam.
576 2054 698 2131 Quando
721 2072 788 2114 cara
815 2054 864 2114 illa
883 2055 997 2117 fuorunt
1017 2065 1092 2119 tem-

61 2158 139 2219 pora,
158 2159 303 2203 munnam
324 2149 354 2201 et
379 2136 521 2217 quaeddm
542 2141 607 2215 alia,
628 2159 704 2217 quae
724 2145 889 2202 monasterii
909 2147 954 2203 tui
971 2146 1092 2220 fuerunt,

60 2234 91 2289 rt
116 2246 177 2289 non
209 2236 275 2305 tna,
305 2229 481 2306 pauperibus
513 2230 661 2304 erogabas.
704 2228 907 2305 Respondente
939 2248 1092 2306 converso,

59 2313 147 2397 non⁸)
167 2318 268 2393 putavi
287 2314 450 2375 huiusmodi
463 2316 673 2403 misericordiae
686 2333 773 2391 opera
786 2324 938 2392 peceatum
952 2337 1030 2395 esse3
1052 2323 1092 2380 ait

59 2400 196 2463 daemon:
216 2402 290 2463 Sunt
309 2420 360 2479 per
377 2420 472 2462 meam
492 2405 656 2477 veritatem,
684 2405 752 2479 quia
779 2406 840 2462 sine
866 2404 981 2465 lieentia
1000 2406 1092 2480 laem,

58 2506 114 2551 nee
127 2489 283 2566 aliquando
297 2490 363 2550 inde
375 2491 536 2564 susurrasti,
546 2492 702 2549 susurrium
718 2490 924 2550 consessionem
935 2493 1091 2567 appellans.

58 2574 130 2637 Mox
158 2592 313 2637 conversus
340 2576 379 2636 ad
399 2575 546 2636 Abbatem
567 2576 726 2650 descendit,
751 2573 809 2656 in⁹)
832 2576 928 2636 locum
948 2588 1090 2639 secretum

57 2662 139 2723 illum
158 2665 256 2739 traxit,
277 2670 306 2723 et
326 2681 402 2740 quae
422 2664 476 2722 sibi
496 2662 607 2722 inerant
628 2681 646 2722 a
667 2662 781 2723 diabolo
802 2664 927 2740 obiecta,
954 2683 1006 2741 per
1033 2667 1090 2727 hn-

57 2750 157 2811 milem
170 2750 525 2826 confessionemaperiens,
546 2748 717 2827 condignam
733 2753 937 2825 poenitentiam
958 2757 1092 2830 suscepit.

57 2836 143 2899 Tune
168 2836 209 2897 ad
230 2837 376 2897 obsessam
396 2837 524 2910 rediens,
557 2842 586 2896 et
606 2839 631 2895 si
651 2836 745 2896 adhuc
766 2837 883 2913 aliquod
902 2841 932 2898 in
953 2858 984 2901 se
1006 2846 1091 2904 sciret

56 2930 219 3001 peccatum,
239 2923 417 2983 obsidentem
428 2924 642 3000 adinterrogans
657 2921 696 3004 ¹⁰),
719 2923 817 2983 audire
831 2929 945 2986 meruit:
965 2929 1023 2989 Per
1043 2933 1090 2991 iu-

57 3010 166 3073 dicium
178 3028 276 3071 mcum
291 3010 362 3069 nihil
381 3011 468 3071 modo
491 3011 526 3071 de
547 3018 576 3070 te
597 3013 673 3085 novi,
695 3013 763 3086 quia
783 3028 851 3071 mox
871 3019 904 3072 ut
924 3033 1019 3091 genua
1038 3024 1090 3079 tua

56 3096 97 3159 ad
123 3100 282 3159 susurrium
307 3098 461 3173 inclinasti,
493 3100 588 3157 omnia
615 3098 686 3157 mihi
711 3101 789 3173 prius
817 3102 890 3159 scita
917 3104 1090 3164 subtraxisti.

56 3184 262 3247 NOVICIUS:
287 3184 323 3244 In
349 3185 405 3245 hoo
432 3185 508 3245 secte
534 3187 604 3244 satis
628 3192 743 3245 ostensa
763 3192 831 3245 sunt
851 3194 910 3246 tam
931 3196 1092 3266 praesentia

57 3270 207 3334 daemoms
235 3289 323 3348 quarn
350 3274 439 3332 virtus
461 3272 653 3332 confessionis.
695 3271 930 3337 MONACHUS:
959 3278 1035 3339 Satis
1057 3280 1092 3341 de

77 3405 192 3475 1]er
215 3421 294 3475 quas
317 3414 425 3458 tamen
447 3406 565 3459 lomina
588 3422 752 3475 nunqnam.
775 3437 807 3447 -
836 3409 869 3475 2)
893 3409 914 3462 l)
941 3410 1091 3469 detineri.

129 3505 162 3517 -
181 3476 214 3544 3)
232 3474 273 3529 BG
291 3484 323 3528 ut
340 3476 417 3529 mibi
436 3507 468 3516 -
486 3474 696 3542 respondeas.
716 3507 746 3517 -
771 3478 804 3545 l)
821 3477 864 3531 llll
881 3484 970 3532 nosti
994 3482 1030 3534 de
1048 3502 1093 3537 me

128 3544 182 3599 val
199 3546 232 3597 in
249 3561 303 3598 rue.
323 3576 353 3586 -
374 3547 405 3615 5)
423 3547 501 3599 hora
518 3561 560 3597 orn
577 3544 668 3599 130.-
688 3547 720 3615 6)
737 3546 757 3600 0
775 3548 829 3599 ita.
848 3578 880 3587 -
900 3550 932 3618 7)
950 3550 1092 3606 Boiorte

127 3614 254 3668 alicu-bi
277 3623 317 3667 te.
336 3646 367 3655 -
392 3616 461 3683 8)ss
485 3632 544 3687 ego
571 3631 638 3667 uon.
658 3646 690 3655 -
709 3617 741 3686 9)
759 3616 799 3670 BC
822 3626 854 3669 et
877 3619 960 3670 in-
987 3623 1035 3692 10)
1053 3624 1094 3679 Bc

127 3687 349 3754 interrogans.
