2438 4170
87 229 151 289 rto
386 224 616 290 Drsrlrie'rlo
649 224 818 305 QUAR'IA

87 331 182 412 Iorum
203 351 365 412 canonicus.
418 352 527 412 Fuerat
548 352 623 410 enim
645 355 711 410 ante
732 345 964 439 'epuremionem
984 350 1028 410 vir
1045 348 1110 410 dives

91 445 120 499 et
148 438 285 498 delicatus
314 439 399 499 valde
415 436 441 519 ¹).
490 439 550 498 Istc
578 436 661 502 milri,
676 437 781 497 referre
808 437 941 511 solebat,
973 436 1048 513 quod
1069 453 1106 513 per

89 525 188 604 gulam
209 526 330 585 multum
350 532 506 585 tentaretur
528 524 685 600 adiabolo,
707 527 793 584 etiam
816 542 884 583 eum
904 523 1101 585 leviterdormi·

91 620 166 674 taret
202 616 232 671 in
265 613 360 672 choro.
399 613 598 689 ’Quandoque
631 630 698 671 cum
728 617 849 687 propter
873 611 1099 671 lassitudinemiu

92 700 180 760 choro
202 707 281 760 stans
303 700 401 760 oculos
424 700 576 775 clauderet,
597 698 747 758 scutellam
770 699 905 759 carnibus
927 698 1035 774 plenam
1051 704 1097 758 aute
1137 700 1142 721 ²

93 804 126 847 os
148 805 232 846 suum
243 791 339 863 sensit,
361 786 396 846 de
419 805 477 863 qua
498 790 584 846 etiam
605 803 685 846 more
707 788 818 859 canino,
840 793 873 844 ut
894 786 950 847 sibl
969 785 1105 861 ridebatu,
1140 842 1142 849 .

92 868 225 934 comedit.
268 874 398 950 Cumque
419 878 460 933 sic
482 874 639 933 bestialiter
660 872 810 932 comedere
832 874 1019 949 erubesceret,
1037 877 1097 950 caput
1138 860 1142 883 ¹

93 962 265 1039 quandoque
287 965 412 1037 retraxit,
435 967 464 1021 et
485 963 554 1020 satis
576 960 646 1020 dure
668 963 770 1035 parieti
788 959 876 1019 illisit

395 1203 627 1264 OAPITULUM
650 1204 827 1263 LXXXIII.

160 1332 174 1351 a
866 1304 875 1339 Ι

179 1361 227 1420 Dc
242 1378 380 1437 converso
401 1364 434 1420 tn
454 1365 544 1420 masa
566 1362 752 1434 dormitante,
776 1365 828 1437 qui
850 1362 966 1437 liynum
983 1376 1034 1436 pro
1054 1392 1058 1401 ·

464 1449 602 1508 carnibus
623 1448 755 1508 rodebat.

161 1603 323 1664 Conversus
337 1605 461 1680 quidam,
483 1607 556 1664 sicut
569 1605 607 1663 ab
621 1607 681 1664 eius
694 1621 743 1664 ore
755 1599 776 1683 ²)
792 1604 898 1680 audivi,
917 1622 982 1664 cum
995 1603 1033 1663 dic
1043 1615 1097 1676 que·

98 1690 164 1750 dam
186 1691 298 1750 auditor
319 1700 394 1751 esset
417 1691 565 1751 cuiusdam
585 1694 714 1767 privatae
735 1694 857 1766 missae,
883 1694 912 1750 in
935 1707 1035 1751 canone
1050 1700 1098 1744 mo·

98 1778 193 1839 dicum
215 1778 284 1854 quid
306 1777 474 1854 dormitans,
496 1796 532 1838 cx
552 1778 681 1838 illusione
704 1778 811 1837 diaboli
830 1780 927 1854 ipsum
948 1795 1028 1854 super
1042 1765 1099 1850 quod

98 1871 256 1941 prostratus
277 1869 390 1926 iacebat
410 1866 519 1943 bgnnm
533 1867 664 1925 dentibus
685 1864 785 1924 rodere
800 1869 902 1941 coepit,
924 1883 959 1926 ae
979 1867 1001 1925 si
1020 1852 1099 1936 alquid

99 1955 270 2012 masticaret.
301 1953 339 2011 Et
353 1960 414 2011 erat
430 1953 532 2012 stridor
547 1953 675 2012 dentium
689 1955 759 2026 ciue,
781 1961 813 2011 ut
827 1970 915 2012 sonus
927 1955 1011 2011 muris
1024 1953 1099 2009 toruo

99 2042 179 2098 nucis
202 2040 333 2098 dentibus
360 2042 418 2099 suis
445 2041 620 2116 perforantis.
663 2040 764 2098 Frater
784 2040 950 2099 Richwinus
972 2033 1101 2098 celerarius

99 2133 203 2201 noster,
225 2130 274 2200 qui
294 2127 332 2185 ad
348 2129 464 2186 missam
487 2128 606 2186 eandem
620 2128 807 2200 ministrabat,
828 2127 901 2186 haec
914 2124 935 2206 ³)
957 2117 1100 2194 audiensiss

103 2215 275 2273 orationibus
297 2217 354 2272 suis
376 2200 593 2289 impediebatur.
635 2215 674 2272 Et
696 2232 761 2272 cum
775 2221 875 2288 posset
887 2231 1021 2273 converso
1038 2202 1101 2280 loqlll

100 2302 293 2377 interrogabat
315 2318 388 2374 eum,
410 2301 477 2376 quid
499 2304 528 2358 in
549 2303 637 2359 missa
658 2303 731 2359 inter
753 2301 852 2358 dentes
874 2302 1004 2374 haberet,
1025 2298 1102 2358 dicens,

100 2405 158 2446 non
179 2390 259 2463 potui
280 2396 396 2463 propter
424 2406 476 2447 vos
499 2405 588 2446 orare.
631 2389 790 2463 Respondit
817 2388 881 2451 illex
916 2388 1024 2447 Credite
1040 2376 1102 2444 mihi,

101 2491 155 2551 ego
177 2475 287 2534 comedi
308 2476 400 2533 bonas
422 2492 531 2533 carnee.
574 2474 656 2534 Unde
679 2475 818 2532 habuistis
839 2474 925 2534 illas?
948 2467 1102 2549 inquirite

101 2563 215 2638 spondit
236 2580 405 2622 conversus:
428 2562 569 2620 Diabolus
591 2562 662 2619 infra
682 2561 761 2619 illum
784 2579 924 2620 canonem
941 2548 1103 2637 piaopauve

100 2657 144 2707 rat
166 2652 207 2707 ori
227 2667 292 2709 mco
314 2649 462 2708 scutellam
485 2651 612 2708 carnium
633 2650 706 2707 bene
725 2649 864 2707 refertam.
909 2649 939 2708 Si
961 2665 1016 2706 non
1035 2636 1102 2704 credi·

58 2786 65 2809 ,
100 2738 144 2811 tis,
165 2743 262 2795 notate
281 2737 399 2812 lignum,
420 2738 518 2810 inquo
532 2738 615 2808 iacui,
636 2738 757 2811 vestigia
770 2736 897 2794 dentium
911 2752 1033 2795 meorum
1050 2731 1103 2788 lutie

100 2824 140 2881 ibi
167 2827 320 2899 reperietis.
362 2824 400 2881 Et
428 2825 555 2880 narravit
583 2825 608 2880 ci
638 2822 757 2896 qualiter
786 2841 804 2881 a
834 2823 947 2881 diabolo
978 2820 1103 2880 cornum

100 2909 199 2967 fuisset
219 2910 327 2968 illusus
371 2910 495 2985 Lignum
507 2927 607 2968 revera
617 2906 639 2988 ⁴)
663 2927 697 2967 cx
720 2909 852 2967 dentibus
871 2912 931 2968 cius
953 2910 1039 2968 fuerat
1056 2912 1102 2961 tol·

100 3013 205 3054 rosum.
248 2997 295 3056 Sic
318 2999 448 3054 inimicus
462 2999 538 3054 viros
559 2997 705 3072 religiosos
727 3013 799 3070 quos
814 2995 944 3071 decipere
965 2988 1102 3071 pergulam

102 3100 158 3140 non
179 3089 275 3157 potest
295 3083 453 3158 vigilando,
487 3082 524 3141 ad
546 3085 638 3142 minus
661 3083 714 3140 illis
741 3083 861 3141 illudere
888 3090 1004 3142 conatur
1023 3070 1103 3139 dormi·

101 3169 197 3227 tando.
240 3169 317 3228 Audi
338 3188 413 3229 nunc
436 3168 471 3228 de
490 3171 614 3245 quadarn
635 3172 751 3245 vlrgine,
774 3187 860 3245 quam
884 3188 936 3245 per
957 3184 1046 3228 carnes
1062 3171 1103 3219 ⁰⁰1¹

101 3256 313 3332 dormitantem,
342 3257 393 3316 sed
422 3257 586 3333 vigilantem
615 3257 761 3316 rr'sibiliter
790 3261 924 3332 tentavit,
955 3274 1007 3316 nee
1032 3258 1103 3311 tumel

100 3344 267 3418 praevaluit.
1037 3358 1048 3393 r

120 3739 150 3810 1]
168 3738 264 3792 valde
282 3755 324 3791 om
342 3738 391 3792 Bc.
412 3769 441 3780 -
468 3740 562 3808 2)Αο
580 3742 617 3792 ab
642 3757 697 3794 ore
720 3742 796 3794 eius.
817 3773 846 3782 -
873 3738 1020 3811 3)choc.
1038 3762 1061 3774 -·
1080 3724 1103 3792 4)

167 3809 232 3866 Aer
250 3825 333 3864 vcro.
