2460 4162
137 238 195 297 100
286 265 289 273 ·
436 236 664 298 1111110110
683 235 867 319 1101111

133 361 275 421 tenebras.
328 359 440 419 Deinde
468 362 564 420 101101
597 360 656 420 dies
684 360 794 420 habens
825 359 1032 437 longitudinem
1060 358 1176 421 dierum

136 448 265 506 duorum.
314 447 385 506 Post
413 447 661 508 obumbrationem
679 444 694 527 ¹)
717 456 813 506 antem
846 448 928 523 solis,
957 451 1064 507 scietur
1086 448 1177 524 quod

135 533 256 594 cmdelis
277 534 369 592 bestia
392 535 579 592 ostentabitur
602 533 701 610 decem
713 535 852 609 tribubus,
875 551 948 610 quae
963 534 1081 594 clausae
1096 542 1176 595 sunt.

135 621 339 695 Unusquisque
360 621 441 695 felix,
464 620 572 679 scilicet
592 639 719 679 meomm
742 621 936 680 membrorum
948 618 978 695 ²),
1000 624 1176 698 sanguinem

134 708 247 782 tundet,
281 710 415 782 quoniam
443 714 512 766 tunc
546 711 755 782 persecutiones
791 711 926 783 antiquae
957 710 1124 783 aperientur
1141 706 1177 789 ⁸).'

134 795 245 853 idcirco
267 797 462 869 unusquisque
484 795 551 853 iclix
578 802 728 870 praeparet
750 813 795 868 se,
824 797 864 852 ita
886 800 1021 853 ’1110010
1042 797 1128 854 vivat
1143 798 1176 854 in

136 882 190 940 hac
212 883 293 939 brevi
314 884 382 939 vita.
424 880 497 939 Post
522 880 594 939 haec
626 882 710 940 irater
737 881 836 940 Simon
848 876 871 960 ⁴)
899 881 970 940 vidit
998 880 1175 941 daemonem

134 969 283 1027 loricatum
305 975 333 1025 ct
360 967 520 1047 galeatum,¹
551 968 706 1026 habentem
732 986 867 1043 squamas
895 975 1032 1042 tanquam
1064 970 1175 1044 piscis,

136 1059 183 1131 qui
204 1063 324 1115 vocatur
346 1072 440 1129 carpo.
483 1055 613 1129 Pupillae
636 1056 783 1114 oculomm
805 1057 864 1113 eius
893 1059 983 1113 tetrae
1004 1056 1033 1112 et
1061 1054 1176 1114 arden·

136 1151 194 1216 tes,
223 1139 389 1220 tanquam)
418 1142 524 1215 iacula,
553 1160 626 1215 quse
656 1161 674 1202 a
702 1147 788 1200 10110
817 1144 949 1217 agitatur.
991 1139 1038 1199 Dc
1068 1156 1120 1201 ore
1143 1148 1175 1201 et

135 1231 251 1288 naribus
274 1231 333 1286 eius
355 1227 530 1302 procedebat
550 1229 666 1286 flamma
687 1228 847 1302 sulphurea.
890 1227 999 1286 Dentes
1021 1229 1084 1286 cius
1099 1246 1175 1303 par-

136 1319 186 1374 tim
208 1316 280 1389 albi,
306 1318 411 1390 partim
439 1314 592 1389 sulphurei.
634 1315 706 1372 Post
727 1315 799 1373 haec
820 1315 897 1373 lacta
927 1320 970 1373 est
996 1329 1069 1373 vox:
1096 1315 1176 1375 Post

57 1442 61 1449 .
135 1403 413 1462 contenebrationcm
446 1402 513 1460 solis
547 1402 697 1459 suscitabit
730 1401 851 1461 crudelis
879 1402 972 1460 bestia
1000 1406 1063 1459 arte
1091 1401 1175 1463 melu

136 1488 275 1564 quosdam
296 1487 426 1547 Judaeos
447 1495 584 1562 tanquam
606 1507 624 1546 a
645 1491 778 1562 mortuis,
807 1490 855 1563 qui
882 1495 978 1559 tamen
1006 1504 1065 1546 non
1087 1495 1176 1549 erunt

134 1575 259 1650 iudaei,
292 1574 343 1634 sed
363 1574 427 1633 salsi
448 1578 557 1648 nuncii,
587 1575 712 1633 dicentes
734 1592 765 1633 se
788 1593 805 1633 a
826 1576 944 1651 mortuis
965 1576 1173 1651 resurrexisse,

52 1652 63 1670 ‘
134 1662 339 1744 verisdudacis
360 1680 440 1737 spem
462 1680 567 1721 vanam
588 1665 794 1737 promittentes,
817 1665 894 1720 etin
916 1658 1084 1719 infidelitate
1104 1679 1173 1737 sua,

134 1757 163 1810 et
181 1753 210 1807 in
232 1767 324 1808 errore
345 1748 476 1808 Judaeos
496 1751 634 1822 foventes,
657 1755 685 1806 ct
702 1749 807 1806 multos
830 1748 1010 1823 decipientes.
1038 1747 1173 1809 111011-

133 1840 199 1896 10011
207 1834 244 1916 ⁶):
268 1835 432 1910 OColonia,
455 1836 572 1912 deplora
594 1836 769 1894 calamitates
791 1842 864 1909 tuas,
887 1852 960 1910 quae
982 1835 1173 1915 venienttibi,

134 1927 268 1998 quoniam
290 1941 347 1981 non
369 1924 461 1981 solum
483 1941 519 1981 ex
541 1923 625 1997 culpa
646 1923 733 1980 solius
754 1923 908 1997 Episcopi,
940 1921 991 1980 sed
1023 1922 1111 1980 etiam
1132 1938 1173 1985 ex
1203 1918 1207 1925 ’

134 2013 276 2069 communi
296 2017 416 2084 peccato
437 2012 553 2067 venient
574 2009 650 2066 mala
671 2009 843 2084 supradicta.
885 2008 1093 2067 Verumtamen
1104 2010 1173 2085 ipse

131 2097 290 2172 Episcopus
311 2097 463 2171 plurimum
485 2096 570 2154 debet
592 2094 696 2170 dolere,
718 2098 853 2170 quoniam
873 2097 935 2170 ipse
957 2096 1089 2153 omnibus
1103 2094 1172 2155 aliis

132 2190 175 2242 est
196 2182 350 2257 praelatus.
392 2182 476 2240 Hanc
497 2185 636 2240 visionem
659 2190 815 2241 conventus
837 2189 934 2241 noster
954 2184 1057 2239 missus
1080 2199 1172 2259 super

131 2267 286 2348 rnontenr⁷)
309 2269 483 2344 Strombcrg,
504 2268 610 2327 ibidem
632 2273 743 2343 reperit.
785 2270 895 2328 Eodem
917 2285 992 2327 anno
1015 2273 1101 2343 capta
1122 2276 1171 2329 est

130 2356 292 2416 Jerusalem
320 2362 348 2414 01
376 2362 451 2413 terra
480 2363 593 2430 saneta,
630 2356 706 2430 quod
741 2359 771 2414 in
801 2356 902 2415 eadem
929 2358 1039 2413 visione
1071 2354 1170 2423 tuerat

130 2443 317 2519 praedictum.
361 2441 561 2501 NOVIOIUS:
596 2442 861 2517 Interpretationem
895 2442 979 2500 huius
1012 2439 1168 2522 visionis⁸)

128 2548 214 2589 nosse
237 2530 375 2589 desidero.
417 2528 653 2588 MONACHUS:
681 2530 790 2588 Partim
818 2529 886 2587 mihi
908 2535 1029 2587 tractare
1050 2528 1170 2589 videtur

130 2618 165 2676 de
194 2618 256 2691 his,
289 2635 363 2692 quac
394 2619 498 2675 nostris
526 2618 701 2691 temporibus
722 2612 907 2691 'contigerunt
935 2618 964 2673 in
985 2614 1169 2691 Episcopatu

130 2705 299 2777 Coloniensi,
320 2706 424 2780 partim
446 2704 481 2762 de
503 2703 629 2761 11110111
650 2703 827 2762 Antiolrristi.
870 2702 955 2778 Quod
977 2708 1073 2760 autern
1086 2702 1168 2765 sacta

128 2794 165 2850 sit
184 2792 258 2850 hacc
290 2793 425 2850 revelatio
454 2811 483 2849 m
504 2791 680 2865 Episcopatu
703 2790 877 2864 Coloniensi,
911 2796 939 2848 01
967 2789 1004 2846 ad
1034 2789 1168 2849 ciusdem

127 2878 276 2937 Dioeoesis
296 2879 485 2954 Episcopum,
516 2895 551 2936 ex
580 2878 636 2935 fine
665 2879 726 2936 eius
759 2877 877 2952 colligo,
907 2876 957 2934 sed
987 2878 1050 2950 quis
1078 2876 1168 2937 fuerit

126 2965 202 3023 idem
224 2966 322 3023 Simon
331 2962 368 3043 ⁹),
399 2968 512 3039 penitus
534 2968 642 3039 ignoro.
685 2964 834 3022 Pastorem
860 2964 937 3020 hunc
971 2964 1167 3039 superiorem,

125 3051 298 3126 Adolphum.
312 3052 486 3126 Episcopum
507 3051 641 3127 intelligo,
664 3053 712 3125 qui
733 3056 939 3125 postmortem
960 3048 1078 3107 Henrici
1099 3050 1165 3108 Im-

124 3141 263 3214 peratoris
285 3141 366 3212 quasi
387 3137 489 3196 venale
511 3139 665 3212 Imperium
687 3137 813 3212 habens,
836 3154 946 3196 veneno
970 3137 1108 3194 avaritiae
1130 3155 1166 3197 se

123 3229 216 3302 ipsum
237 3225 343 3298 intecit,
371 3226 565 3299 plurimosque
586 3225 732 3283 interfecit.
775 3224 836 3283 Neo
858 3226 960 3282 mirum
979 3218 1016 3301 ¹⁰).
1058 3221 1166 3282 Posuit

39 3382 45 3389 ἱ
90 3322 95 3329 “
123 3315 199 3372 eninr
221 3329 269 3371 cor
291 3329 389 3385 suum,
411 3311 440 3368 id
463 3318 520 3384 est,
544 3311 691 3369 consilium
713 3329 812 3385 suum,
833 3313 862 3368 in
882 3316 996 3370 ventres
1017 3309 1164 3385 luporum,

140 3532 169 3600 1)
187 3531 229 3584 Bc
246 3531 490 3582 umbrationem.
510 3561 542 3569 -
561 3531 593 3598 2)
612 3531 653 3582 BD
672 3530 882 3602 membrorum
906 3545 1054 3581 11001111.
1074 3557 1106 3568 ·-
1127 3530 1162 3597 3)

187 3601 266 3654 verba
284 3603 432 3669 quoniam
454 3630 483 3639 -
503 3605 697 3667 aperientur
723 3616 764 3651 om
783 3600 809 3652 P.
829 3630 859 3639 —
888 3600 920 3666 4)
938 3600 1040 3650 Simon
1067 3613 1110 3650 om
1128 3600 1161 3653 B.

189 3701 219 3710 -
240 3671 271 3739 5)
289 3671 308 3722 0
326 3672 471 3738 quass-
491 3671 522 3738 6]
542 3679 573 3721 01
596 3670 720 3721 adiecit
738 3686 778 3721 011
797 3670 889 3722 ΒΟ.-
909 3670 941 3738 7)
958 3677 1097 3720 montem
1116 3685 1160 3721 om

151 3776 157 3789 .
183 3739 213 3862 g.
232 3771 263 3779 -
283 3739 417 3878 {RDACDP
435 3740 670 3859 revelationlim
688 3740 754 3791 conl.
773 3740 814 3804 lV,
833 3740 920 3792 51.-
941 3740 973 3807 9)
991 3739 1097 3792 Simon
1115 3755 1159 3792 0111

207 3841 263 3861 .-
350 3825 408 3861 100
433 3825 600 3861 1111111011
639 3848 645 3860 .
