2438 4170
456 221 511 284 DE
530 221 801 287 DAEMONIBUS.
1081 228 1121 285 27
1125 226 1143 287 9

90 337 206 402 quam
224 341 369 405 adveniret
381 343 540 423 Philippus,
564 346 733 422 confractus,
753 354 787 408 ut
807 347 891 407 tertia
912 345 957 408 die
978 354 1145 415 moreretur.

90 408 207 515 quius
224 431 339 490 domum
360 431 570 493 Walerammus
598 432 700 494 Comes
723 434 758 495 de
777 434 982 511 Lutnclinburg
1003 435 1144 496 confisca-

89 509 157 572 vpt,
216 517 278 595 Ego
301 517 421 579 eundem
443 519 607 596 Philippum
635 520 710 596 vidi,
738 524 787 597 qui
818 529 885 581 ante
913 538 1022 598 paucos
1053 540 1144 582 annos

87 596 297 727 gmemantc,
336 612 369 667 ut
400 606 541 683 croditrn,
578 609 714 685 magistro
755 615 784 669 et
821 611 913 669 amico
946 626 999 670 suo
1031 608 1144 671 diaholo

111 687 222 752 ¹2(tirus
242 699 293 752 est

472 851 706 913 CAPITULUM
727 853 781 912 IV.

117 957 208 1030 Itan
229 971 265 1030 do
286 972 395 1046 eloneo,
418 977 470 1050 qui
492 974 576 1049 opud
594 975 728 1033 Toletum
750 973 818 1033 doio
841 974 950 1038 diaboli
972 980 1121 1033 estractus

154 1063 160 1070 '
213 1065 241 1117 ct
262 1059 304 1117 od
323 1060 434 1136 inferos
455 1060 561 1119 ductus
584 1068 611 1120 et
631 1064 766 1136 magistri
787 1064 834 1119 sui
855 1064 1043 1135 querimoniis

363 1147 510 1233 reductus,
531 1147 633 1223 foetos
655 1155 697 1206 est
717 1148 887 1206 monachus.

176 1268 284 1346 Retulit
303 1284 373 1344 mihi
398 1286 493 1346 bonae
513 1289 666 1346 memoriae
687 1284 845 1345 monachus
865 1291 962 1345 noster
983 1284 1143 1346 Godescal-

100 1374 162 1430 we
184 1371 220 1432 de
233 1372 470 1448 Volmuntsteine,
491 1373 569 1449 quod
589 1374 673 1449 silere
694 1391 752 1432 non
771 1373 871 1433 debeo.
904 1371 977 1431 Cum
1000 1372 1045 1432 die
1067 1389 1142 1448 qua-

104 1445 178 1519 (lam
198 1464 312 1536 rogaret
331 1459 508 1535 praedictum
523 1456 540 1540 ¹)
561 1460 739 1537 Philippum,
765 1466 798 1518 ut
818 1460 915 1536 aliqua
935 1461 990 1519 sibi
1010 1461 1143 1519 recitaret

107 1535 148 1605 (le
168 1553 231 1606 arte
252 1563 305 1605 sua
325 1547 480 1622 mirabilia;
507 1547 653 1624 respondit
672 1547 735 1607 ille:
763 1546 827 1624 Ego
857 1546 950 1605 dicam
978 1547 1061 1606 vobis
1081 1563 1143 1606 rem

109 1635 180 1692 sam
200 1632 379 1708 mirabilem,
417 1636 593 1710 temporibus
625 1637 695 1695 meis
727 1634 805 1709 apud
837 1633 970 1692 Toletum
1004 1636 1144 1692 veraciter

110 1725 231 1792 gestam.
274 1719 347 1779 Cum
367 1718 463 1796 plures
485 1738 520 1780 ex
541 1721 660 1780 diversis
681 1721 844 1797 regionibus
876 1719 1019 1779 scholares
1040 1721 1069 1776 in
1091 1736 1143 1778 ea-

113 1801 176 1866 dem
198 1808 312 1866 civitate
326 1808 471 1867 studerent
490 1809 520 1865 in
541 1814 602 1867 arte
624 1810 838 1884 nigromanticis,
858 1808 977 1866 iuvenes
998 1806 1085 1882 abqui
1106 1805 1142 1865 de

115 1889 219 1954 Suesia
248 1899 334 1969 atque
355 1894 509 1957 Bauwaria
539 1895 681 1971 stupenda
709 1893 902 1970 quaedamst
928 1892 1143 1952 incredibihaa

112 1995 163 2047 suo
195 1982 332 2058 magistro
358 1980 520 2056 audientes,
554 1988 582 2041 et
609 1988 772 2041 utrumnam
800 1999 869 2041 vcra
900 1985 996 2040 essent
1021 1981 1143 2056 probare

114 2067 250 2143 volentes,
271 2067 400 2127 dixerunt
414 2067 469 2126 illi:
489 2067 636 2145 Magister,
656 2069 789 2128 volumus
802 2075 834 2126 ut
848 2085 883 2127 ea
897 2085 970 2143 qrrae
981 2085 1033 2128 uos
1048 2066 1143 2139 doces,

114 2154 194 2215 oculo
217 2160 300 2215 tenus
322 2155 464 2230 ostendas,
485 2163 626 2231 quatenus
650 2156 774 2233 aliquem
795 2172 831 2215 cx
852 2155 944 2215 studio
964 2161 1061 2214 nostre
1082 2154 1144 2238 frus

114 2248 189 2303 chrm
211 2244 366 2318 capiamus.
410 2242 490 2318 Quos
512 2260 577 2303 cum
599 2248 754 2318 averteret,
787 2249 815 2303 et
835 2259 893 2301 non
915 2244 1142 2318 acquiescerent,

113 2345 145 2389 eo
167 2323 247 2405 quod
267 2331 345 2389 natio
367 2328 416 2388 illa
436 2347 506 2406 gens
528 2332 565 2389 sit
576 2331 721 2406 mirabilis,
742 2331 814 2391 hora
834 2330 938 2389 idonea
958 2332 988 2388 in
1009 2345 1142 2404 campum

112 2414 173 2476 illos
196 2415 285 2492 duxit,
306 2416 401 2493 gladio
413 2413 434 2496 ²)
458 2419 532 2476 circa
553 2418 617 2477 illos
632 2419 767 2478 circulum
787 2419 861 2493 lecit,
883 2434 1002 2475 monens
1020 2417 1073 2474 suh
1095 2417 1141 2472 in-

111 2505 308 2563 terminatione
329 2505 441 2578 mortis,
473 2510 505 2562 ut
532 2504 605 2564 infra
633 2506 823 2584 circulumxsc
845 2504 1023 2576 cohiberent,
1056 2508 1085 2561 et
1104 2518 1141 2560 nc

111 2589 218 2666 aliquid
239 2591 405 2667 rogantibus
427 2590 535 2665 darent,
555 2591 603 2650 vel
623 2593 660 2650 ab
675 2592 857 2651 offerentibus
878 2593 1036 2665 reciperent
1054 2605 1141 2664 prac-

111 2674 252 2757 cepitr).‘
279 2676 422 2737 Secedens
451 2679 487 2737 ab
518 2681 558 2737 eis
591 2678 753 2754 paululum,
787 2677 940 2736 daemones
969 2675 1142 2735 carmhribus

92 2766 169 2847 ,suis
192 2763 354 2839 advocavit
396 2763 467 2823 Mox
494 2771 594 2824 assunt
625 2764 666 2822 illi
685 2767 715 2822 in
742 2764 838 2822 formis
866 2763 987 2821 nrilitum
1009 2761 1141 2822 decenter

110 2856 298 2924 armatorum,
330 2851 446 2910 militiae
468 2854 543 2910 circa
564 2854 682 2910 iuvenes
703 2847 819 2929 ludosl)
842 2855 1014 2908 exercentes.
1056 2848 1141 2908 Nunc

109 2935 222 3014 lapsum
243 2938 430 3012 simulabant,
458 2956 534 2996 nunc
554 2938 670 2997 lanceas
692 2944 721 2997 et
743 2954 824 2996 enses
847 2942 945 2995 contra
967 2953 1016 2995 eos
1039 2942 1140 2995 exten-

110 3023 224 3099 debant,
246 3027 378 3084 omnihus
399 3024 489 3084 modis
511 3030 688 3101 satagentes,
717 3031 749 3082 ut
775 3023 839 3082 illos
869 3029 949 3081 extra
970 3021 1106 3082 ohculum
1119 3020 1139 3104 ⁵)

109 3111 298 3172 exbaherent
326 3111 382 3187 Qui
408 3129 474 3170 cum
494 3113 535 3171 sic
556 3110 626 3168 nihil
646 3111 824 3187 proficerent,
845 3113 875 3169 in
895 3108 1005 3184 puellas
1026 3111 1139 3186 specio-

108 3201 235 3259 sissimas
257 3215 289 3257 se
310 3197 550 3272 transformantes,
572 3197 690 3258 choreas
705 3200 780 3257 circa
801 3196 864 3257 illos
878 3195 1029 3271 ducebant,
1053 3198 1139 3256 variis

108 3286 283 3346 anhacfihus
304 3287 422 3344 iuvenes
442 3287 593 3344 invitantes
606 3282 636 3364 ⁶).
678 3285 723 3343 Ex
745 3284 847 3360 quihus
869 3300 927 3342 una
948 3284 1039 3342 sonna
1060 3291 1138 3343 cete-

107 3374 145 3432 ris
164 3374 354 3453 praestantior
384 3389 474 3430 unum
495 3388 531 3430 cx
551 3370 728 3430 scholaribus
750 3371 842 3447 clegit
884 3368 934 3429 Ad
955 3387 1041 3446 quem
1064 3387 1138 3444 quo-

107 3461 180 3520 tiens
200 3461 327 3520 venisset
348 3458 530 3534 chorizando,
559 3460 662 3518 totiens
683 3457 800 3518 anulum
821 3474 940 3517 aureum
960 3458 1138 3533 porrigebat,

126 3661 157 3733 l)
173 3660 194 3715 G
211 3661 345 3727 dictum,
362 3662 382 3715 B
400 3661 581 3714 eundem-
604 3662 636 3730 2)
655 3661 674 3713 B
692 3670 723 3712 et
740 3659 897 3730 gladia-
917 3660 949 3728 3)
968 3658 1137 3726 praecepit

175 3747 216 3784 ons
233 3731 289 3797 Bc;
307 3748 365 3785 mox
381 3732 402 3785 B
420 3742 452 3785 et
470 3731 636 3784 secedens.
650 3761 681 3771 -
700 3731 733 3799 l)
750 3730 814 3783 Ab?
831 3729 926 3782 ludos
943 3731 1031 3780 circa
1048 3729 1137 3778 inve-

174 3817 238 3855 uss.
258 3832 288 3843 -
308 3802 680 3871 incommemoratum
699 3816 764 3855 sos.
783 3830 813 3841 -
833 3799 865 3867 6)
883 3800 903 3851 B
921 3800 1108 3851 incitantes.
