2460 4162
369 218 371 223 ’
444 246 499 308 on
516 245 789 312 nunnonruus.
1069 249 1130 308 uso

63 406 67 414 ·
95 371 183 446 visit,
212 375 312 430 sotum
332 369 443 430 habens
465 371 612 453 cuiusdam
632 370 878 447 peregrinationis:
917 368 974 429 Hic
997 385 1062 429 cum
1085 369 1132 429 dic

97 458 224 536 quadem
252 457 424 518 condixisset
450 475 515 517 curn
542 458 649 517 femine
678 457 802 533 quadam
834 455 920 515 villae
940 473 1024 530 susc,
1053 456 1131 532 quod

96 562 181 605 mune
211 547 317 621 pariter
345 546 410 602 ituri
439 549 549 618 essent,
576 545 625 603 illa
654 561 720 604 eum
747 546 874 621 rogavit,
901 550 935 624 ut
962 546 1100 602 maturius
1113 539 1130 622 ¹)

96 635 251 692 matutinas
282 631 423 707 pulsaret,
456 638 571 707 propter
606 632 673 690 solis
707 631 856 690 fervorem.
913 631 951 688 Et
995 628 1131 706 prornisit

96 718 207 778 Eodem
229 725 313 777 nocte
335 716 465 777 diabolus
487 717 651 777 adlectum
674 720 735 776 eius
755 720 881 792 venicus,
903 720 993 794 tetigit
1016 735 1081 776 eum
1103 722 1133 775 et

97 808 153 865 ait:
174 805 263 864 Pulsa
292 807 455 864 matutinas.
498 804 603 879 Sicque
635 805 772 864 discessit.
816 804 871 880 Qui
899 822 966 863 mox
998 821 1130 880 surgens,

99 892 246 952 etlumen
274 894 304 949 in
333 891 454 950 ecclesia
475 891 577 949 ardens
606 894 759 966 respiciens
767 887 802 969 ²),
835 908 901 950 cum
922 897 987 949 autc
1009 894 1132 966 primum

98 978 166 1056 galli
178 987 371 1038 cuutumcssc
383 977 623 1053 deprehendisset,
636 984 740 1052 putans
751 975 818 1052 quia
831 997 849 1036 a
869 977 1015 1052 praedicta
1027 978 1131 1036 femina

96 1066 197 1125 fuisset
219 1067 372 1139 excitatus,
402 1065 437 1124 de
461 1065 582 1123 ecclesie
604 1067 704 1138 exivit,
731 1063 831 1125 volens
851 1065 891 1121 illi
913 1064 1005 1122 dicere
1027 1069 1059 1121 ut
1079 1066 1132 1134 iret

98 1151 259 1225 dormitum,
281 1168 315 1210 eo
337 1151 416 1225 quod
437 1153 519 1209 nimis
540 1167 625 1225 ruane
648 1157 731 1209 essct.
776 1150 868 1226 Quani
891 1168 956 1209 cum
976 1156 1132 1225 quaereret,

97 1255 152 1298 nec
179 1240 331 1311 inveniret,
358 1240 463 1297 bovem
489 1240 601 1313 nigrum
628 1243 727 1296 contra
754 1255 785 1296 se
813 1244 888 1296 stare
916 1234 1025 1316 vidit³).
1076 1237 1131 1312 Qui

98 1325 195 1402 lingua
221 1327 324 1384 emisse
351 1324 496 1384 hominem
523 1326 625 1398 tetigit,
655 1341 777 1399 eumque
805 1342 890 1400 super
912 1324 1026 1383 dorsum
1047 1341 1131 1382 suum

98 1429 149 1488 per
175 1411 253 1470 iilam
274 1414 363 1485 misit,
398 1418 426 1470 et
446 1429 497 1485 per
518 1428 613 1469 nerem
636 1427 701 1468 cum
722 1410 770 1468 illo
792 1412 930 1485 volitans,
960 1428 1045 1485 super
1065 1413 1131 1485 pin-

98 1504 166 1558 nam
193 1500 277 1556 turris
300 1499 392 1571 castri,
415 1497 491 1572 quod
509 1498 655 1572 Ysinburg
678 1496 786 1571 dicitur,
808 1497 947 1572 deposuit.
991 1496 1044 1556 Oui
1066 1515 1131 1554 cum

98 1585 219 1645 diceret:
244 1586 377 1643 Timesrie
399 1581 533 1662 aliquid‘i)
556 1582 663 1642 modo?
685 1583 830 1659 respondit
850 1583 911 1643 ille:
934 1584 989 1641 Dei
1010 1586 1131 1659 permis-

98 1673 178 1731 sione
199 1671 256 1730 huc
265 1669 285 1751 ⁵)
308 1670 410 1729 ductus
432 1689 511 1744 sum,
539 1669 609 1728 nihil
631 1676 729 1728 contra
750 1688 795 1742 mc
817 1673 937 1745 poteris,
963 1673 1017 1727 nisi
1038 1688 1131 1745 quau-

98 1764 161 1817 tum
180 1757 228 1817 ille
248 1760 414 1833 permiserit.
456 1756 504 1815 Ad
526 1757 604 1831 quod
626 1756 769 1815 diabolus:
791 1757 851 1816 Fac
878 1757 946 1814 mihi
967 1756 1132 1830 hominium,

76 1904 81 1913 ,
101 1851 130 1904 ct
147 1861 201 1920 ego
217 1852 245 1904 tc
261 1844 410 1929 deponam,
433 1844 565 1918 daboque
580 1844 631 1901 tibi
647 1844 760 1909 divitias
781 1844 894 1902 multus
923 1843 1007 1919 Quod
1029 1845 1052 1902 si
1073 1861 1132 1902 nun

100 1931 210 2006 feceris,
230 1930 277 1990 vel
290 1932 364 1989 fame
386 1933 415 1989 in
432 1931 565 1989 hocloco
587 1932 721 2002 morieris,
742 1931 789 1988 vel
809 1933 974 2005 praecipitio
996 1932 1131 1989 interibis.

100 2016 155 2077 Oui
177 2020 387 2093 campanarius,
408 2035 488 2093 spcm
510 2017 620 2075 habens
641 2019 670 2075 in
694 2016 818 2091 Christo,
839 2017 996 2092 respondit:
1020 2016 1131 2076 Adiuro

100 2110 129 2164 te
150 2122 202 2180 per
223 2121 326 2162 nomeu
340 2104 413 2163 Jcsu
433 2104 544 2177 Christi,
565 2121 601 2161 ne
622 2121 668 2161 mc
689 2103 795 2177 laedas,
818 2110 846 2162 et
867 2110 899 2161 ut
914 2122 959 2162 mc
981 2107 1041 2185 sine
1054 2106 1131 2181 peri-

100 2191 165 2251 culo
194 2193 318 2266 corporis
344 2194 401 2248 mei
430 2191 564 2266 deponas.
612 2190 683 2248 Mox
705 2190 833 2250 diabolus
854 2190 933 2248 illum
958 2191 1074 2265 tollens,
1103 2194 1132 2249 in

100 2294 203 2354 campo
232 2280 311 2336 iuxta
338 2277 434 2335 villnrn
464 2275 671 2356 Gorinshcim⁶)
700 2281 769 2336 satis
796 2278 975 2337 incommode
1001 2278 1133 2354 deposuit

99 2371 166 2424 unte
202 2364 295 2423 lucem
333 2364 401 2438 dici,
436 2366 465 2422 in
484 2364 678 2423 ,dedicatione
713 2366 849 2423 ecclesiae
882 2365 1009 2430 eiusdem
1038 2365 1131 2425 villae.

92 2448 235 2510 'Diluculo
255 2450 385 2510 homines
407 2450 444 2508 ad
465 2453 666 2510 matutinarum
688 2451 835 2510 sollemnia
857 2471 922 2511 curn
942 2452 1042 2510 iaculis
1062 2469 1131 2527 pro-

98 2544 240 2614 perantes,
263 2555 328 2595 cum
342 2537 485 2597 hominurn
505 2533 534 2596 in
557 2556 626 2614 agro
648 2541 677 2594 in
696 2556 799 2614 magno
822 2538 934 2598 defectu
955 2541 1131 2612 reperissent,

99 2631 186 2700 atque
220 2624 438 2697 refocillnsscut,
470 2625 573 2682 auditis
601 2624 660 2697 his,
688 2642 761 2698 quac
791 2628 816 2682 ei
845 2629 1033 2701 contigerant,
1061 2628 1132 2683 satis

98 2714 193 2770 mirati
221 2717 295 2770 sunt.
339 2712 446 2786 Quarto
485 2727 553 2770 vero
586 2711 631 2768 die
659 2727 802 2785 regressus
831 2714 860 2768 in
889 2711 1005 2770 domurn
1034 2729 1129 2785 suam,

98 2801 184 2857 situm
211 2804 271 2857 tem
298 2797 426 2856 locorum
454 2815 541 2872 quam
569 2796 776 2870 aedificiorum,
804 2815 878 2872 quac
898 2815 1045 2873 nunquam
1065 2804 1131 2857 ante

98 2884 224 2958 viderat,
252 2891 312 2942 tem
333 2884 416 2959 plone
438 2885 568 2942 omnibus
591 2887 734 2958 exposuit,
768 2890 798 2942 ut
819 2884 855 2943 de
876 2891 960 2959 raptu
981 2888 1041 2943 cius
1062 2885 1131 2943 nihil

99 2969 269 3030 dubitarent.
319 2970 518 3030 NOVICIUS:
554 2970 623 3028 Jam
658 2970 728 3028 mihi
758 2973 828 3029 satis
855 2972 945 3030 fateor
978 2973 1131 3046 probatum

98 3065 158 3116 turn
187 3060 331 3116 sententiis
355 3076 441 3132 quam
464 3057 613 3132 exemplis,
643 3057 796 3116 daemones
818 3076 895 3132 esse,
928 3059 1034 3117 multos
1054 3077 1129 3133 esse,

97 3144 189 3203 malos
236 3161 313 3216 esse,
349 3150 377 3202 ct
411 3145 528 3202 infestus
568 3162 630 3203 csso
669 3144 839 3204 horninibus.
895 3144 1128 3207 MONACHUS:

96 3227 195 3290 Unum
204 3228 224 3310 ⁷)
247 3231 394 3289 consilium
407 3248 501 3289 mcum
524 3238 575 3303 est,
597 3238 628 3289 ut
641 3234 760 3306 cognitis
781 3231 834 3305 his,
854 3233 986 3295 nonillis
1008 3251 1129 3293 consun-

97 3318 211 3389 uenus,
233 3336 268 3375 no
290 3318 452 3376 nossudire
475 3321 633 3393 contingat:
656 3319 709 3390 Ite,
730 3310 937 3399 mplpeticttflin
958 3323 1055 3395 ionem
1077 3339 1129 3378 oe·

97 3411 224 3478 omont
246 3408 298 3481 qut
307 3412 509 3480 praeparatus
531 3412 572 3464 est
594 3404 710 3464 diabolo
732 3398 891 3481 menon
913 3411 990 3481 etue5
1010 3407 1061 3465 scd
1083 3424 1130 3466 re·

116 3606 202 3674 1)οΒ
220 3611 376 3659 maturius
396 3617 546 3677 surgeret
564 3617 603 3659 ct.
617 3639 646 3647 -
660 3608 894 3675 2JADPurdere
912 3611 1128 3677 conspiciens.
1201 3628 1205 3633 ·

170 3706 199 3716 -
220 3677 286 3744 3)B
305 3681 483 3745 conspexit.
504 3708 533 3716 -
553 3679 584 3745 4)
604 3678 731 3746 aliquid
749 3695 788 3730 orn
808 3679 856 3730 Bc.
876 3710 906 3719 -
926 3680 995 3747 5)ss
1019 3681 1078 3730 hic.
1098 3711 1128 3720 -

165 3745 377 3866 sigenesheim
400 3748 458 3800 viiia
488 3749 618 3800 notissima
641 3749 711 3801 iustu
730 3748 956 3817 busseidurpiuru.
975 3777 1008 3786 -
1026 3749 1068 3809 ‘tx
1084 3742 1148 3792 iffi
