2438 4170
90 219 132 279 34
416 213 645 278 DISTINCTIO
662 201 793 276 PRIMA

93 342 161 416 quia
187 357 240 415 per
271 345 351 398 tuam
379 339 576 399 medicinalem
604 338 731 416 linguam
747 336 764 419 ¹)
784 338 867 398 Deus
887 337 1018 398 liberavit
1036 348 1119 400 mea
1150 356 1160 403 ,-

92 429 216 486 maximo
246 443 348 486 errore.
404 425 604 486 NOVICIUS:
636 425 783 501 Numquid
815 443 874 485 non
892 423 913 505 ²)
946 427 1021 486 bene
1053 426 1111 493 vixit
1137 472 1148 509 ι.

52 553 60 561 ·
91 520 193 589 postea
203 513 339 587 Princeps
349 513 425 573 iste?
453 512 688 573 MONACHUS:
710 513 837 571 Minime.
865 513 1001 572 Promisit
1019 515 1112 587 verbis,
1131 538 1155 577 :a

95 600 173 675 quod
193 618 252 658 non
272 599 400 674 implevit
419 601 510 659 sactis.
554 600 652 676 Qualis
675 602 734 659 eius
755 600 921 674 finisluerit,
941 618 1007 659 cum
1019 605 1137 676 quanta·

92 689 205 746 sarcina
224 694 406 763 peccatorum
429 688 546 762 obierit,
576 705 671 761 poena
698 694 903 746 tormentorum
929 687 1005 746 illius
1025 689 1056 746 in
1075 704 1116 747 se·
1145 712 1167 737 -ε

93 775 246 849 quentibus
268 771 330 852 te³)
353 774 474 834 docebit.
516 775 705 833 Revertamur
725 777 810 850 igitur
841 774 880 832 ad
907 773 1120 849 praecedentia,
1157 748 1167 885 1

94 859 296 937 quia-longam
317 861 391 920 hanc
413 863 611 937 evagationem
632 862 698 920 fecit
718 863 900 937 interrogatio
919 867 979 920 tua.

403 1016 642 1110 'ammomum
662 1051 809 1110 xxvur.

191 1172 280 1250 Quod
300 1174 422 1248 quidam
443 1180 655 1232 convertuntur
672 1181 796 1248 propter
811 1180 1033 1249 paupertatem.

156 1310 237 1371 Sicut
257 1310 362 1371 multos
383 1312 468 1371 trahit
488 1313 526 1371 ad
547 1312 675 1371 ordinem
704 1311 845 1371 medicina
872 1312 1060 1389 infirmitatis,
1087 1316 1128 1374 ita

92 1397 227 1472 plurimos
239 1391 262 1478 ⁴)
290 1402 393 1458 intrare
423 1399 566 1475 compellit
587 1402 714 1458 caminus
734 1401 919 1474 paupertatis.
962 1399 1059 1476 Saepe
1080 1403 1127 1460 vi-

93 1483 185 1543 dimus
207 1492 236 1543 et
257 1486 382 1560 quotidie
403 1486 548 1560 videmus,
576 1503 712 1562 personas
741 1485 894 1560 aliquando
922 1488 952 1544 in
973 1487 1094 1547 saeculo
1106 1485 1127 1568 ⁵)

93 1571 195 1630 divites
217 1579 246 1631 et
267 1573 415 1647 honestas,
447 1581 479 1630 ut
500 1579 566 1631 sunt
586 1572 689 1630 milites
712 1579 740 1630 et
762 1575 854 1647 cives,
876 1579 997 1649 cogente
1017 1576 1128 1651 inopia,

92 1661 188 1717 venire
210 1659 248 1718 ad
270 1660 412 1733 ordinem,
440 1663 530 1736 magis
559 1677 594 1718 ex
615 1663 784 1718 necessitate
805 1659 935 1719 volentes
957 1660 1039 1719 diviti
1061 1662 1127 1721 Deo

92 1749 197 1804 servire
209 1744 238 1825 ⁶),
261 1764 348 1821 quam
369 1751 441 1805 inter
463 1753 599 1823 cognatos
622 1753 650 1804 et
670 1753 754 1804 notos
776 1749 910 1822 egestatis
929 1748 1129 1808 confusionem

92 1835 239 1892 sustinere.
283 1833 355 1892 Cum
377 1834 492 1908 quidam
512 1837 557 1892 vir
577 1833 712 1892 honestus
735 1841 889 1908 exponeret
909 1834 979 1891 milri
1000 1851 1128 1895 conver·

93 1921 179 1978 sionis
200 1938 270 1979 suae
292 1921 433 1996 ordinem,
455 1921 572 1979 adiecit:
603 1919 685 1978 Certe
707 1923 731 1977 si
752 1923 781 1977 in
802 1921 888 1979 rebus
909 1923 981 1980 meis
1001 1921 1128 1983 habuis·

92 2022 154 2065 sem
174 2011 404 2082 prosperitatem,
435 2025 582 2082 uunquam
613 2009 755 2066 venissem
775 2007 813 2065 ad
835 2007 963 2066 ordinem
976 2005 1005 2087 ⁷).
1050 2009 1128 2070 Novi

93 2093 241 2168 quosdam,
263 2097 320 2170 qui,
339 2096 467 2171 patribus
482 2091 503 2173 ⁶)
526 2097 586 2153 sive
606 2095 739 2152 fratribus
754 2085 776 2172 ⁹)
790 2097 1030 2169 convertentibus,
1053 2113 1128 2156 con-

92 2183 165 2263 verti
185 2188 345 2256 renuemnt,
367 2188 482 2240 etcum
504 2183 725 2240 consumsissent
746 2183 841 2239 omnia
857 2179 885 2260 ¹⁰)
908 2181 1033 2255 dimissa,
1056 2190 1127 2244 tunc

92 2268 214 2342 primum
235 2275 381 2342 venerunt,
401 2271 599 2327 necessitatem
619 2268 705 2343 pallio
727 2267 885 2327 devotionis
895 2269 1057 2344 palliantes,
1079 2271 1128 2331 vel

91 2356 187 2428 potius
216 2354 252 2414 de
282 2358 345 2431 ipsa
371 2359 540 2414 necessitate
571 2358 705 2414 virtutem
731 2355 876 2414 iacientes.
918 2353 1126 2419 NOVICIUS:

92 2440 158 2499 Non
180 2448 224 2500 est
243 2459 360 2501 necesse
382 2442 417 2501 de
438 2443 542 2501 talibus
564 2441 694 2516 exempla
716 2459 865 2517 quaerere,
887 2459 953 2500 cum
974 2443 1128 2505 videamus

91 2527 142 2586 tali
162 2530 312 2588 occasione
332 2529 436 2605 plureS,
457 2533 579 2587 maxime
592 2546 744 2587 conversos
761 2526 798 2607 ¹¹),
811 2529 850 2587 ad
871 2529 999 2589 ordinem
1009 2535 1126 2607 venire;

92 2615 145 2673 sed
165 2616 243 2674 beati
264 2624 330 2675 sunt
350 2617 397 2689 illi,
419 2620 468 2691 qui
489 2617 601 2674 divitias
621 2615 790 2689 habuerunt,
812 2623 840 2675 et
860 2633 912 2691 pro
926 2616 1037 2676 Christo
1059 2618 1126 2679 illas

92 2710 310 2762 contemsemnt.
352 2702 584 2762 MONACHUS:
605 2702 670 2761 Non
691 2703 756 2761 ideo
773 2703 859 2776 beati,
881 2704 1126 2777 quiadivitiarum

90 2807 284 2865 possessores,
313 2790 364 2850 sed
389 2791 454 2849 ideo
476 2791 567 2863 beati,
600 2792 667 2864 quia
695 2790 855 2848 divitiarum
877 2798 1069 2866 contemtores
1086 2789 1125 2873 ¹²).

91 2875 161 2934 Plus
182 2876 350 2952 placuerunt
369 2879 434 2936 Deo
453 2875 481 2955 ¹³)
505 2878 560 2936 duo
587 2879 696 2934 minuta
716 2877 820 2934 viduae
839 2873 882 2954 ¹⁴),
905 2895 993 2952 quam
1014 2878 1126 2939 multae

91 2963 211 3021 divitum
239 2964 446 3040 eleemosynae.
488 2964 568 3023 Scias
591 2966 676 3021 etiam
698 2963 839 3038 quosdam
858 2968 985 3023 converti
1005 2973 1125 3042 propter

91 3050 315 3110 erubescentiam
336 3051 454 3111 memus
475 3051 591 3126 culpae,
619 3053 680 3109 sive
701 3057 799 3110 notam
820 3051 1025 3127 qualiscunque
1046 3053 1124 3112 ursa-

89 3154 172 3197 miae.

108 3312 137 3378 1)
155 3311 196 3363 ΒΡ
218 3311 358 3378 linguam
390 3310 625 3362 medicinalem.
658 3340 689 3350 —
719 3311 751 3376 2)
778 3327 840 3362 non
867 3325 908 3361 om
937 3309 971 3373 P3
999 3326 1058 3362 mox
1082 3311 1123 3363 BP

159 3391 271 3447 postea
289 3383 418 3432 vixit—
438 3383 469 3446 3)
488 3391 519 3432 te
537 3397 577 3432 om
596 3380 623 3433 C.
638 3411 668 3420 —
687 3382 719 3446 4)
736 3381 756 3431 Β
774 3380 941 3432 mullos—
957 3381 989 3448 5)
1007 3383 1033 3432 in
1051 3397 1123 3432 sae·

158 3452 227 3503 culo
245 3450 323 3502 habet
340 3449 360 3503 G
377 3460 434 3518 post
451 3451 616 3502 honestas.
636 3481 666 3490 —
686 3451 717 3518 6)
735 3450 755 3500 Β
773 3450 872 3502 diviti
898 3450 963 3502 Deo
991 3452 1122 3502 servire

158 3521 319 3573 volentes.
340 3551 370 3559 -
398 3521 430 3588 7]
453 3521 473 3573 0
499 3520 537 3572 ad
563 3520 706 3572 ordinem
733 3522 902 3571 venissem.
923 3550 954 3558 —
983 3522 1015 3588 8)
1033 3519 1053 3572 G
1071 3520 1121 3572 add

157 3594 232 3642 suis.
253 3622 283 3632 -
303 3591 334 3658 9)
353 3589 373 3643 G
390 3590 438 3642 add
457 3606 499 3642 se.
519 3621 549 3629 -
578 3591 625 3658 lo)
643 3590 684 3642 ci)
702 3589 750 3640 add
770 3589 846 3652 sibi3
864 3591 931 3640 conf.
948 3590 1007 3653 xil,
1026 3590 1068 3640 14.
1087 3620 1120 3629 -

158 3662 206 3729 11)
224 3660 244 3713 C
261 3677 439 3712 conversos
463 3662 603 3712 maxime.
624 3690 654 3700 -
675 3660 723 3727 12)
741 3658 761 3712 G
779 3659 968 3712 divitiarum
990 3659 1121 3712 luerunt

154 3747 210 3798 pro
236 3730 365 3854 Chris2to
392 3740 621 3784 contemtores.
649 3759 680 3770 -
710 3730 758 3798 13)
781 3729 845 3781 Deo
872 3745 913 3781 om
940 3727 990 3782 BC.
1010 3759 1040 3769 -
1072 3730 1121 3798 14)

152 3802 228 3857 liare.
247 3802 348 3865 12,4.
