<?xml version="1.0" encoding="UTF-8"?>
<!DOCTYPE html PUBLIC "-//W3C//DTD XHTML 1.0 Transitional//EN"
    "http://www.w3.org/TR/xhtml1/DTD/xhtml1-transitional.dtd">
<html xmlns="http://www.w3.org/1999/xhtml" xml:lang="en" lang="en">
 <head>
  <title>
</title>
<meta http-equiv="Content-Type" content="text/html;charset=utf-8" />
  <meta name='ocr-system' content='tesseract 3.04.00' />
  <meta name='ocr-capabilities' content='ocr_page ocr_carea ocr_par ocr_line ocrx_word'/>
</head>
<body>
  <div class='ocr_page' id='page_1' title='image "./caesariiheister00stragoog_0189.png"; bbox 0 0 2460 4162; ppageno 0'>
   <div class='ocr_carea' id='block_1_1' title="bbox 110 217 838 298">
    <p class='ocr_par' dir='ltr' id='par_1_1' title="bbox 110 217 838 298">
     <span class='ocr_line' id='line_1_1' title="bbox 110 217 838 298; baseline 0.003 -19"><span class='ocrx_word' id='word_1_1' title='bbox 110 223 168 279; x_wconf 82' lang='lat' dir='ltr'><strong>ua</strong></span> <span class='ocrx_word' id='word_1_2' title='bbox 422 217 650 280; x_wconf 83' lang='lat' dir='ltr'><strong>nrsrmcrro</strong></span> <span class='ocrx_word' id='word_1_3' title='bbox 674 219 838 298; x_wconf 77' lang='lat' dir='ltr'><strong>osanna</strong></span> 
     </span>
    </p>
   </div>
   <div class='ocr_carea' id='block_1_2' title="bbox 32 341 1158 3453">
    <p class='ocr_par' dir='ltr' id='par_1_2' title="bbox 105 341 1139 421">
     <span class='ocr_line' id='line_1_2' title="bbox 105 341 1139 421; baseline 0.003 -20"><span class='ocrx_word' id='word_1_4' title='bbox 105 342 227 420; x_wconf 86' lang='lat' dir='ltr'><strong>figuram</strong></span> <span class='ocrx_word' id='word_1_5' title='bbox 248 356 315 398; x_wconf 85' lang='lat' dir='ltr'><strong>mox</strong></span> <span class='ocrx_word' id='word_1_6' title='bbox 328 346 395 416; x_wconf 88' lang='lat' dir='ltr'><strong>post</strong></span> <span class='ocrx_word' id='word_1_7' title='bbox 408 342 483 401; x_wconf 92' lang='lat' dir='ltr'><strong>Pent</strong></span> <span class='ocrx_word' id='word_1_8' title='bbox 470 346 562 401; x_wconf 90' lang='lat' dir='ltr'><strong>tteeos</strong></span> <span class='ocrx_word' id='word_1_9' title='bbox 563 359 599 400; x_wconf 92' lang='lat' dir='ltr'><strong>en</strong></span> <span class='ocrx_word' id='word_1_10' title='bbox 550 341 683 402; x_wconf 91' lang='lat' dir='ltr'><strong>tlibri</strong></span> <span class='ocrx_word' id='word_1_11' title='bbox 697 343 812 420; x_wconf 81' lang='lat' dir='ltr'>Regum</span> <span class='ocrx_word' id='word_1_12' title='bbox 822 342 995 420; x_wconf 84' lang='lat' dir='ltr'><strong>lcgrmtur,</strong></span> <span class='ocrx_word' id='word_1_13' title='bbox 985 361 1015 402; x_wconf 94' lang='lat' dir='ltr'><strong>m</strong></span> <span class='ocrx_word' id='word_1_14' title='bbox 1037 344 1139 421; x_wconf 85' lang='lat' dir='ltr'><strong>qmbus</strong></span> 
     </span>
    </p>

    <p class='ocr_par' dir='ltr' id='par_1_3' title="bbox 105 425 1140 506">
     <span class='ocr_line' id='line_1_3' title="bbox 105 425 1140 506; baseline 0.001 -16"><span class='ocrx_word' id='word_1_15' title='bbox 105 431 181 490; x_wconf 89' lang='lat' dir='ltr'><strong>bella</strong></span> <span class='ocrx_word' id='word_1_16' title='bbox 201 425 293 485; x_wconf 92' lang='lat' dir='ltr'><strong>fidelis</strong></span> <span class='ocrx_word' id='word_1_17' title='bbox 314 427 492 502; x_wconf 91' lang='lat' dir='ltr'><strong>populicum</strong></span> <span class='ocrx_word' id='word_1_18' title='bbox 514 428 656 505; x_wconf 83' lang='lat' dir='ltr'><strong>gentibus,</strong></span> <span class='ocrx_word' id='word_1_19' title='bbox 677 429 707 487; x_wconf 94' lang='lat' dir='ltr'><strong>id</strong></span> <span class='ocrx_word' id='word_1_20' title='bbox 729 436 781 504; x_wconf 89' lang='lat' dir='ltr'><strong>est,</strong></span> <span class='ocrx_word' id='word_1_21' title='bbox 802 431 940 489; x_wconf 82' lang='lat' dir='ltr'><strong>virtutum</strong></span> <span class='ocrx_word' id='word_1_22' title='bbox 960 447 1027 490; x_wconf 89' lang='lat' dir='ltr'><strong>cum</strong></span> <span class='ocrx_word' id='word_1_23' title='bbox 1049 433 1140 506; x_wconf 86' lang='lat' dir='ltr'><strong>vitiis,</strong></span> 
     </span>
    </p>

    <p class='ocr_par' dir='ltr' id='par_1_4' title="bbox 102 512 1158 1024">
     <span class='ocr_line' id='line_1_4' title="bbox 105 512 1158 577; baseline 0.002 -2"><span class='ocrx_word' id='word_1_24' title='bbox 105 521 369 576; x_wconf 83' lang='lat' dir='ltr'><strong>commemorantur.</strong></span> <span class='ocrx_word' id='word_1_25' title='bbox 417 513 619 574; x_wconf 84' lang='lat' dir='ltr'>NOVICIUS:</span> <span class='ocrx_word' id='word_1_26' title='bbox 652 515 809 575; x_wconf 86' lang='lat' dir='ltr'><strong>Videtur</strong></span> <span class='ocrx_word' id='word_1_27' title='bbox 800 533 824 574; x_wconf 89' lang='lat' dir='ltr'><strong>rs</strong></span> <span class='ocrx_word' id='word_1_28' title='bbox 852 522 948 576; x_wconf 87' lang='lat' dir='ltr'><strong>rectus</strong></span> <span class='ocrx_word' id='word_1_29' title='bbox 977 533 1042 577; x_wconf 84' lang='lat' dir='ltr'><strong>esse</strong></span> <span class='ocrx_word' id='word_1_30' title='bbox 1071 512 1158 577; x_wconf 75' lang='lat' dir='ltr'><strong>ordo&#39;</strong></span> 
     </span>
     <span class='ocr_line' id='line_1_5' title="bbox 103 602 1140 677; baseline 0.001 -16"><span class='ocrx_word' id='word_1_31' title='bbox 103 602 317 673; x_wconf 73' lang='lat' dir='ltr'><strong>iustificationis</strong></span> <span class='ocrx_word' id='word_1_32' title='bbox 338 607 372 659; x_wconf 89' lang='lat' dir='ltr'><strong>ut</strong></span> <span class='ocrx_word' id='word_1_33' title='bbox 392 603 465 659; x_wconf 88' lang='lat' dir='ltr'><strong>sicut</strong></span> <span class='ocrx_word' id='word_1_34' title='bbox 484 604 680 660; x_wconf 81' lang='lat' dir='ltr'><strong>contritionem</strong></span> <span class='ocrx_word' id='word_1_35' title='bbox 702 603 850 677; x_wconf 81' lang='lat' dir='ltr'><strong>consessio,</strong></span> <span class='ocrx_word' id='word_1_36' title='bbox 871 605 912 662; x_wconf 90' lang='lat' dir='ltr'><strong>ita</strong></span> <span class='ocrx_word' id='word_1_37' title='bbox 933 603 1140 664; x_wconf 88' lang='lat' dir='ltr'><strong>confessionem</strong></span> 
     </span>
     <span class='ocr_line' id='line_1_6' title="bbox 104 687 1141 765; baseline 0.002 -17"><span class='ocrx_word' id='word_1_38' title='bbox 104 691 185 765; x_wconf 87' lang='lat' dir='ltr'><strong>sequi</strong></span> <span class='ocrx_word' id='word_1_39' title='bbox 207 687 310 746; x_wconf 88' lang='lat' dir='ltr'><strong>debeat</strong></span> <span class='ocrx_word' id='word_1_40' title='bbox 331 687 494 746; x_wconf 86' lang='lat' dir='ltr'><strong>satisfactio.</strong></span> <span class='ocrx_word' id='word_1_41' title='bbox 522 687 757 748; x_wconf 83' lang='lat' dir='ltr'><strong>MONACHUS:</strong></span> <span class='ocrx_word' id='word_1_42' title='bbox 778 688 863 748; x_wconf 86' lang='lat' dir='ltr'><strong>Juste</strong></span> <span class='ocrx_word' id='word_1_43' title='bbox 878 689 994 765; x_wconf 89' lang='lat' dir='ltr'><strong>quidem</strong></span> <span class='ocrx_word' id='word_1_44' title='bbox 1007 692 1141 764; x_wconf 87' lang='lat' dir='ltr'><strong>moveris,</strong></span> 
     </span>
     <span class='ocr_line' id='line_1_7' title="bbox 104 774 1141 853; baseline 0 -18"><span class='ocrx_word' id='word_1_45' title='bbox 104 776 154 835; x_wconf 90' lang='lat' dir='ltr'><strong>scd</strong></span> <span class='ocrx_word' id='word_1_46' title='bbox 182 777 346 834; x_wconf 84' lang='lat' dir='ltr'><strong>tentationis</strong></span> <span class='ocrx_word' id='word_1_47' title='bbox 375 776 434 832; x_wconf 83' lang='lat' dir='ltr'><strong>rim</strong></span> <span class='ocrx_word' id='word_1_48' title='bbox 462 790 519 832; x_wconf 94' lang='lat' dir='ltr'><strong>non</strong></span> <span class='ocrx_word' id='word_1_49' title='bbox 549 774 691 850; x_wconf 84' lang='lat' dir='ltr'><strong>intelligis.</strong></span> <span class='ocrx_word' id='word_1_50' title='bbox 734 775 819 850; x_wconf 83' lang='lat' dir='ltr'><strong>Quod</strong></span> <span class='ocrx_word' id='word_1_51' title='bbox 841 775 920 852; x_wconf 94' lang='lat' dir='ltr'><strong>apud</strong></span> <span class='ocrx_word' id='word_1_52' title='bbox 940 775 1092 853; x_wconf 83' lang='lat' dir='ltr'><strong>religiosos</strong></span> <span class='ocrx_word' id='word_1_53' title='bbox 1113 783 1141 836; x_wconf 92' lang='lat' dir='ltr'><strong>et</strong></span> 
     </span>
     <span class='ocr_line' id='line_1_8' title="bbox 103 862 1141 941; baseline 0.004 -21"><span class='ocrx_word' id='word_1_54' title='bbox 103 865 225 921; x_wconf 84' lang='lat' dir='ltr'><strong>maxime</strong></span> <span class='ocrx_word' id='word_1_55' title='bbox 246 864 276 919; x_wconf 94' lang='lat' dir='ltr'><strong>in</strong></span> <span class='ocrx_word' id='word_1_56' title='bbox 298 862 394 920; x_wconf 87' lang='lat' dir='ltr'><strong>ordine</strong></span> <span class='ocrx_word' id='word_1_57' title='bbox 416 863 582 934; x_wconf 89' lang='lat' dir='ltr'><strong>monastico,</strong></span> <span class='ocrx_word' id='word_1_58' title='bbox 605 862 759 921; x_wconf 82' lang='lat' dir='ltr'><strong>satisfactio</strong></span> <span class='ocrx_word' id='word_1_59' title='bbox 781 879 833 938; x_wconf 96' lang='lat' dir='ltr'><strong>pro</strong></span> <span class='ocrx_word' id='word_1_60' title='bbox 852 865 980 938; x_wconf 88' lang='lat' dir='ltr'><strong>peccatis</strong></span> <span class='ocrx_word' id='word_1_61' title='bbox 994 865 1057 923; x_wconf 87' lang='lat' dir='ltr'><strong>sive</strong></span> <span class='ocrx_word' id='word_1_62' title='bbox 1068 881 1141 941; x_wconf 91' lang='lat' dir='ltr'><strong>poe·</strong></span> 
     </span>
     <span class='ocr_line' id='line_1_9' title="bbox 102 947 1140 1024; baseline 0.001 -17"><span class='ocrx_word' id='word_1_63' title='bbox 102 951 220 1008; x_wconf 85' lang='lat' dir='ltr'><strong>nitentia</strong></span> <span class='ocrx_word' id='word_1_64' title='bbox 235 952 270 1006; x_wconf 89' lang='lat' dir='ltr'><strong>sit</strong></span> <span class='ocrx_word' id='word_1_65' title='bbox 292 952 418 1022; x_wconf 88' lang='lat' dir='ltr'><strong>tentatio,</strong></span> <span class='ocrx_word' id='word_1_66' title='bbox 440 947 521 1005; x_wconf 89' lang='lat' dir='ltr'><strong>facile</strong></span> <span class='ocrx_word' id='word_1_67' title='bbox 544 949 596 1006; x_wconf 94' lang='lat' dir='ltr'><strong>tibi</strong></span> <span class='ocrx_word' id='word_1_68' title='bbox 616 965 653 1006; x_wconf 85' lang='lat' dir='ltr'><strong>ex</strong></span> <span class='ocrx_word' id='word_1_69' title='bbox 673 949 769 1007; x_wconf 85' lang='lat' dir='ltr'><strong>verbis</strong></span> <span class='ocrx_word' id='word_1_70' title='bbox 787 951 860 1008; x_wconf 93' lang='lat' dir='ltr'><strong>bene</strong></span> <span class='ocrx_word' id='word_1_71' title='bbox 883 952 1000 1024; x_wconf 85' lang='lat' dir='ltr'><strong>experti,</strong></span> <span class='ocrx_word' id='word_1_72' title='bbox 1028 949 1061 1009; x_wconf 92' lang='lat' dir='ltr'><strong>id</strong></span> <span class='ocrx_word' id='word_1_73' title='bbox 1083 956 1140 1024; x_wconf 92' lang='lat' dir='ltr'><strong>cst,</strong></span> 
     </span>
    </p>

    <p class='ocr_par' dir='ltr' id='par_1_5' title="bbox 103 1033 1141 1199">
     <span class='ocr_line' id='line_1_10' title="bbox 103 1033 1141 1113; baseline 0 -18"><span class='ocrx_word' id='word_1_74' title='bbox 103 1037 194 1095; x_wconf 88' lang='lat' dir='ltr'><strong>sancti</strong></span> <span class='ocrx_word' id='word_1_75' title='bbox 215 1035 273 1094; x_wconf 85' lang='lat' dir='ltr'><strong>Job</strong></span> <span class='ocrx_word' id='word_1_76' title='bbox 287 1036 426 1112; x_wconf 86' lang='lat' dir='ltr'><strong>probabo</strong></span> <span class='ocrx_word' id='word_1_77' title='bbox 454 1033 505 1092; x_wconf 90' lang='lat' dir='ltr'><strong>Ait</strong></span> <span class='ocrx_word' id='word_1_78' title='bbox 493 1038 616 1093; x_wconf 88' lang='lat' dir='ltr'><strong>teuim:</strong></span> <span class='ocrx_word' id='word_1_79' title='bbox 638 1035 814 1094; x_wconf 72' lang='lat' dir='ltr'><strong>Mittunt</strong></span> <span class='ocrx_word' id='word_1_80' title='bbox 772 1043 814 1094; x_wconf 80' lang='lat' dir='ltr'><strong>est</strong></span> <span class='ocrx_word' id='word_1_81' title='bbox 827 1039 889 1095; x_wconf 80' lang='lat' dir='ltr'><strong>vitu</strong></span> <span class='ocrx_word' id='word_1_82' title='bbox 910 1037 1036 1110; x_wconf 71' lang='lat' dir='ltr'><strong>bominis</strong></span> <span class='ocrx_word' id='word_1_83' title='bbox 1051 1054 1141 1113; x_wconf 74' lang='lat' dir='ltr'><strong>scopet·</strong></span> 
     </span>
     <span class='ocr_line' id='line_1_11' title="bbox 103 1119 1140 1199; baseline 0.002 -19.026"><span class='ocrx_word' id='word_1_84' title='bbox 103 1129 215 1181; x_wconf 82' lang='lat' dir='ltr'><strong>terrum</strong></span> <span class='ocrx_word' id='word_1_85' title='bbox 231 1119 258 1199; x_wconf 92' lang='lat'><strong>¹).</strong></span> <span class='ocrx_word' id='word_1_86' title='bbox 301 1122 368 1181; x_wconf 86' lang='lat' dir='ltr'><strong>Alia</strong></span> <span class='ocrx_word' id='word_1_87' title='bbox 396 1120 543 1180; x_wconf 88' lang='lat' dir='ltr'><strong>translatio</strong></span> <span class='ocrx_word' id='word_1_88' title='bbox 565 1120 667 1179; x_wconf 93' lang='lat' dir='ltr'><strong>habet·</strong></span> <span class='ocrx_word' id='word_1_89' title='bbox 698 1122 804 1181; x_wconf 81' lang='lat' dir='ltr'><strong>Tentat</strong></span> <span class='ocrx_word' id='word_1_90' title='bbox 760 1126 833 1181; x_wconf 81' lang='lat' dir='ltr'><strong>totio</strong></span> <span class='ocrx_word' id='word_1_91' title='bbox 856 1129 898 1180; x_wconf 83' lang='lat' dir='ltr'><strong>est</strong></span> <span class='ocrx_word' id='word_1_92' title='bbox 918 1125 983 1181; x_wconf 85' lang='lat' dir='ltr'><strong>cita</strong></span> <span class='ocrx_word' id='word_1_93' title='bbox 1004 1124 1140 1182; x_wconf 75' lang='lat' dir='ltr'><strong>hernicis.</strong></span> 
     </span>
    </p>

    <p class='ocr_par' dir='ltr' id='par_1_6' title="bbox 58 1207 1145 2503">
     <span class='ocr_line' id='line_1_12' title="bbox 101 1207 1140 1285; baseline 0.002 -19"><span class='ocrx_word' id='word_1_94' title='bbox 101 1210 140 1266; x_wconf 92' lang='lat' dir='ltr'><strong>Et</strong></span> <span class='ocrx_word' id='word_1_95' title='bbox 159 1208 259 1266; x_wconf 89' lang='lat' dir='ltr'><strong>militia</strong></span> <span class='ocrx_word' id='word_1_96' title='bbox 281 1217 323 1268; x_wconf 89' lang='lat' dir='ltr'><strong>est</strong></span> <span class='ocrx_word' id='word_1_97' title='bbox 346 1215 374 1268; x_wconf 95' lang='lat' dir='ltr'><strong>et</strong></span> <span class='ocrx_word' id='word_1_98' title='bbox 396 1211 529 1282; x_wconf 83' lang='lat' dir='ltr'><strong>tentati03</strong></span> <span class='ocrx_word' id='word_1_99' title='bbox 552 1207 651 1265; x_wconf 85' lang='lat' dir='ltr'><strong>militia</strong></span> <span class='ocrx_word' id='word_1_100' title='bbox 659 1214 788 1285; x_wconf 90' lang='lat' dir='ltr'><strong>propter</strong></span> <span class='ocrx_word' id='word_1_101' title='bbox 810 1211 989 1283; x_wconf 83' lang='lat' dir='ltr'><strong>exercitium,</strong></span> <span class='ocrx_word' id='word_1_102' title='bbox 1016 1211 1140 1268; x_wconf 88' lang='lat' dir='ltr'><strong>tentatio</strong></span> 
     </span>
     <span class='ocr_line' id='line_1_13' title="bbox 101 1294 1141 1370; baseline 0.002 -17"><span class='ocrx_word' id='word_1_103' title='bbox 101 1301 217 1370; x_wconf 90' lang='lat' dir='ltr'><strong>propter</strong></span> <span class='ocrx_word' id='word_1_104' title='bbox 237 1295 365 1355; x_wconf 88' lang='lat' dir='ltr'><strong>laborem</strong></span> <span class='ocrx_word' id='word_1_105' title='bbox 387 1294 594 1369; x_wconf 89' lang='lat' dir='ltr'><strong>etpericulum.</strong></span> <span class='ocrx_word' id='word_1_106' title='bbox 637 1294 675 1352; x_wconf 89' lang='lat' dir='ltr'><strong>Et</strong></span> <span class='ocrx_word' id='word_1_107' title='bbox 696 1301 773 1369; x_wconf 89' lang='lat' dir='ltr'><strong>nota,</strong></span> <span class='ocrx_word' id='word_1_108' title='bbox 795 1295 872 1370; x_wconf 89' lang='lat' dir='ltr'><strong>quod</strong></span> <span class='ocrx_word' id='word_1_109' title='bbox 893 1312 951 1354; x_wconf 89' lang='lat' dir='ltr'><strong>non</strong></span> <span class='ocrx_word' id='word_1_110' title='bbox 974 1295 1053 1370; x_wconf 68' lang='lat' dir='ltr'><strong>dicit,</strong></span> <span class='ocrx_word' id='word_1_111' title='bbox 1073 1302 1141 1355; x_wconf 91' lang='lat' dir='ltr'><strong>ten-</strong></span> 
     </span>
     <span class='ocr_line' id='line_1_14' title="bbox 58 1381 1145 1465; baseline 0.002 -26"><span class='ocrx_word' id='word_1_112' title='bbox 58 1440 61 1445; x_wconf 66' lang='lat'><strong>,</strong></span> <span class='ocrx_word' id='word_1_113' title='bbox 101 1385 171 1440; x_wconf 86' lang='lat' dir='ltr'><strong>tatio</strong></span> <span class='ocrx_word' id='word_1_114' title='bbox 194 1388 237 1440; x_wconf 90' lang='lat' dir='ltr'><strong>est</strong></span> <span class='ocrx_word' id='word_1_115' title='bbox 257 1385 317 1441; x_wconf 83' lang='lat' dir='ltr'><strong>vita</strong></span> <span class='ocrx_word' id='word_1_116' title='bbox 339 1382 477 1454; x_wconf 91' lang='lat' dir='ltr'><strong>animalis,</strong></span> <span class='ocrx_word' id='word_1_117' title='bbox 499 1381 549 1439; x_wconf 86' lang='lat' dir='ltr'><strong>sed</strong></span> <span class='ocrx_word' id='word_1_118' title='bbox 572 1381 701 1456; x_wconf 90' lang='lat' dir='ltr'><strong>hominis,</strong></span> <span class='ocrx_word' id='word_1_119' title='bbox 723 1382 753 1439; x_wconf 93' lang='lat' dir='ltr'><strong>id</strong></span> <span class='ocrx_word' id='word_1_120' title='bbox 776 1388 828 1456; x_wconf 88' lang='lat' dir='ltr'><strong>est,</strong></span> <span class='ocrx_word' id='word_1_121' title='bbox 849 1383 974 1441; x_wconf 87' lang='lat' dir='ltr'><strong>humane</strong></span> <span class='ocrx_word' id='word_1_122' title='bbox 997 1388 1027 1441; x_wconf 91' lang='lat' dir='ltr'><strong>et</strong></span> <span class='ocrx_word' id='word_1_123' title='bbox 1048 1385 1145 1465; x_wconf 43' lang='lat' dir='ltr'><strong>ratio&lt;</strong></span> 
     </span>
     <span class='ocr_line' id='line_1_15' title="bbox 100 1468 1140 1545; baseline 0.003 -19"><span class='ocrx_word' id='word_1_124' title='bbox 100 1468 233 1527; x_wconf 89' lang='lat' dir='ltr'><strong>nabiliter</strong></span> <span class='ocrx_word' id='word_1_125' title='bbox 253 1472 384 1543; x_wconf 83' lang='lat' dir='ltr'><strong>viventis,</strong></span> <span class='ocrx_word' id='word_1_126' title='bbox 406 1469 498 1545; x_wconf 90' lang='lat' dir='ltr'><strong>qualis</strong></span> <span class='ocrx_word' id='word_1_127' title='bbox 521 1474 564 1527; x_wconf 86' lang='lat' dir='ltr'><strong>est</strong></span> <span class='ocrx_word' id='word_1_128' title='bbox 584 1471 645 1528; x_wconf 83' lang='lat' dir='ltr'><strong>vita</strong></span> <span class='ocrx_word' id='word_1_129' title='bbox 665 1468 877 1544; x_wconf 84' lang='lat' dir='ltr'><strong>religiosorum,</strong></span> <span class='ocrx_word' id='word_1_130' title='bbox 907 1470 956 1543; x_wconf 91' lang='lat' dir='ltr'><strong>qui</strong></span> <span class='ocrx_word' id='word_1_131' title='bbox 978 1469 1140 1529; x_wconf 91' lang='lat' dir='ltr'><strong>secundum</strong></span> 
     </span>
     <span class='ocr_line' id='line_1_16' title="bbox 101 1553 1140 1634; baseline 0 -19"><span class='ocrx_word' id='word_1_132' title='bbox 101 1558 228 1630; x_wconf 89' lang='lat' dir='ltr'><strong>spiritum</strong></span> <span class='ocrx_word' id='word_1_133' title='bbox 240 1557 349 1630; x_wconf 80' lang='lat' dir='ltr'><strong>vivunt,</strong></span> <span class='ocrx_word' id='word_1_134' title='bbox 372 1563 401 1615; x_wconf 92' lang='lat' dir='ltr'><strong>et</strong></span> <span class='ocrx_word' id='word_1_135' title='bbox 422 1557 514 1615; x_wconf 89' lang='lat' dir='ltr'><strong>carnis</strong></span> <span class='ocrx_word' id='word_1_136' title='bbox 530 1555 669 1615; x_wconf 89' lang='lat' dir='ltr'><strong>desideria</strong></span> <span class='ocrx_word' id='word_1_137' title='bbox 681 1573 739 1615; x_wconf 89' lang='lat' dir='ltr'><strong>non</strong></span> <span class='ocrx_word' id='word_1_138' title='bbox 756 1556 905 1631; x_wconf 88' lang='lat' dir='ltr'><strong>perficiunt</strong></span> <span class='ocrx_word' id='word_1_139' title='bbox 916 1553 946 1634; x_wconf 87' lang='lat'><strong>²).</strong></span> <span class='ocrx_word' id='word_1_140' title='bbox 968 1555 1140 1615; x_wconf 85' lang='lat' dir='ltr'><strong>Saeculares</strong></span> 
     </span>
     <span class='ocr_line' id='line_1_17' title="bbox 101 1641 1138 1718; baseline 0.003 -18"><span class='ocrx_word' id='word_1_141' title='bbox 101 1649 268 1717; x_wconf 81' lang='lat' dir='ltr'><strong>vernatque</strong></span> <span class='ocrx_word' id='word_1_142' title='bbox 284 1643 419 1718; x_wconf 88' lang='lat' dir='ltr'><strong>carnales,</strong></span> <span class='ocrx_word' id='word_1_143' title='bbox 442 1645 489 1718; x_wconf 92' lang='lat' dir='ltr'><strong>qui</strong></span> <span class='ocrx_word' id='word_1_144' title='bbox 501 1643 658 1701; x_wconf 89' lang='lat' dir='ltr'><strong>secundum</strong></span> <span class='ocrx_word' id='word_1_145' title='bbox 670 1660 784 1701; x_wconf 89' lang='lat' dir='ltr'><strong>carnem</strong></span> <span class='ocrx_word' id='word_1_146' title='bbox 806 1641 962 1715; x_wconf 89' lang='lat' dir='ltr'><strong>ambulant,</strong></span> <span class='ocrx_word' id='word_1_147' title='bbox 983 1644 1138 1718; x_wconf 86' lang='lat' dir='ltr'><strong>improprie</strong></span> 
     </span>
     <span class='ocr_line' id='line_1_18' title="bbox 100 1728 1138 1805; baseline 0.001 -18"><span class='ocrx_word' id='word_1_148' title='bbox 100 1732 202 1788; x_wconf 89' lang='lat' dir='ltr'><strong>tentari</strong></span> <span class='ocrx_word' id='word_1_149' title='bbox 223 1730 362 1804; x_wconf 91' lang='lat' dir='ltr'><strong>dicuntur,</strong></span> <span class='ocrx_word' id='word_1_150' title='bbox 385 1733 452 1805; x_wconf 87' lang='lat' dir='ltr'><strong>quia</strong></span> <span class='ocrx_word' id='word_1_151' title='bbox 473 1747 541 1788; x_wconf 85' lang='lat' dir='ltr'><strong>mox</strong></span> <span class='ocrx_word' id='word_1_152' title='bbox 555 1735 587 1788; x_wconf 93' lang='lat' dir='ltr'><strong>ut</strong></span> <span class='ocrx_word' id='word_1_153' title='bbox 602 1735 777 1788; x_wconf 91' lang='lat' dir='ltr'><strong>tentamenta</strong></span> <span class='ocrx_word' id='word_1_154' title='bbox 791 1730 923 1803; x_wconf 91' lang='lat' dir='ltr'><strong>sentiunt,</strong></span> <span class='ocrx_word' id='word_1_155' title='bbox 944 1728 991 1787; x_wconf 86' lang='lat' dir='ltr'><strong>vel</strong></span> <span class='ocrx_word' id='word_1_156' title='bbox 1012 1746 1138 1790; x_wconf 87' lang='lat' dir='ltr'><strong>consen-</strong></span> 
     </span>
     <span class='ocr_line' id='line_1_19' title="bbox 99 1816 1137 1892; baseline 0 -18"><span class='ocrx_word' id='word_1_157' title='bbox 99 1819 186 1892; x_wconf 90' lang='lat' dir='ltr'><strong>tiunt,</strong></span> <span class='ocrx_word' id='word_1_158' title='bbox 208 1817 255 1876; x_wconf 92' lang='lat' dir='ltr'><strong>vel</strong></span> <span class='ocrx_word' id='word_1_159' title='bbox 275 1817 371 1892; x_wconf 91' lang='lat' dir='ltr'><strong>tepide</strong></span> <span class='ocrx_word' id='word_1_160' title='bbox 392 1820 542 1891; x_wconf 89' lang='lat' dir='ltr'><strong>resistunt,</strong></span> <span class='ocrx_word' id='word_1_161' title='bbox 564 1816 669 1876; x_wconf 89' lang='lat' dir='ltr'><strong>similes</strong></span> <span class='ocrx_word' id='word_1_162' title='bbox 691 1833 766 1892; x_wconf 92' lang='lat' dir='ltr'><strong>equo</strong></span> <span class='ocrx_word' id='word_1_163' title='bbox 789 1823 817 1875; x_wconf 94' lang='lat' dir='ltr'><strong>et</strong></span> <span class='ocrx_word' id='word_1_164' title='bbox 837 1817 930 1889; x_wconf 90' lang='lat' dir='ltr'><strong>mulo,</strong></span> <span class='ocrx_word' id='word_1_165' title='bbox 952 1817 1058 1890; x_wconf 91' lang='lat' dir='ltr'><strong>quibus</strong></span> <span class='ocrx_word' id='word_1_166' title='bbox 1079 1833 1137 1876; x_wconf 92' lang='lat' dir='ltr'><strong>non</strong></span> 
     </span>
     <span class='ocr_line' id='line_1_20' title="bbox 100 1901 1137 1983; baseline -0.001 -21"><span class='ocrx_word' id='word_1_167' title='bbox 100 1910 143 1962; x_wconf 89' lang='lat' dir='ltr'><strong>cst</strong></span> <span class='ocrx_word' id='word_1_168' title='bbox 163 1903 322 1962; x_wconf 90' lang='lat' dir='ltr'><strong>intellectus</strong></span> <span class='ocrx_word' id='word_1_169' title='bbox 335 1901 365 1983; x_wconf 77' lang='lat'><strong>³).</strong></span> <span class='ocrx_word' id='word_1_170' title='bbox 408 1904 439 1962; x_wconf 85' lang='lat' dir='ltr'><strong>Si</strong></span> <span class='ocrx_word' id='word_1_171' title='bbox 461 1920 528 1979; x_wconf 83' lang='lat' dir='ltr'><strong>ergo</strong></span> <span class='ocrx_word' id='word_1_172' title='bbox 551 1907 668 1962; x_wconf 89' lang='lat' dir='ltr'><strong>tentatio</strong></span> <span class='ocrx_word' id='word_1_173' title='bbox 692 1911 735 1962; x_wconf 92' lang='lat' dir='ltr'><strong>est</strong></span> <span class='ocrx_word' id='word_1_174' title='bbox 755 1903 952 1980; x_wconf 83' lang='lat' dir='ltr'><strong>religiosorum</strong></span> <span class='ocrx_word' id='word_1_175' title='bbox 980 1905 1057 1978; x_wconf 85' lang='lat' dir='ltr'><strong>vita,</strong></span> <span class='ocrx_word' id='word_1_176' title='bbox 1087 1904 1137 1979; x_wconf 90' lang='lat' dir='ltr'><strong>qui</strong></span> 
     </span>
     <span class='ocr_line' id='line_1_21' title="bbox 99 1988 1136 2066; baseline 0.003 -20"><span class='ocrx_word' id='word_1_177' title='bbox 99 1989 251 2066; x_wconf 67' lang='lat' dir='ltr'><strong>uigilando,</strong></span> <span class='ocrx_word' id='word_1_178' title='bbox 272 1990 433 2063; x_wconf 89' lang='lat' dir='ltr'><strong>ieiunando,</strong></span> <span class='ocrx_word' id='word_1_179' title='bbox 457 1990 572 2064; x_wconf 92' lang='lat' dir='ltr'><strong>orando,</strong></span> <span class='ocrx_word' id='word_1_180' title='bbox 586 1992 615 2046; x_wconf 94' lang='lat' dir='ltr'><strong>in</strong></span> <span class='ocrx_word' id='word_1_181' title='bbox 631 1993 773 2066; x_wconf 89' lang='lat' dir='ltr'><strong>prosperis</strong></span> <span class='ocrx_word' id='word_1_182' title='bbox 785 1996 813 2049; x_wconf 92' lang='lat' dir='ltr'><strong>et</strong></span> <span class='ocrx_word' id='word_1_183' title='bbox 825 1988 952 2049; x_wconf 89' lang='lat' dir='ltr'><strong>adversis</strong></span> <span class='ocrx_word' id='word_1_184' title='bbox 965 1988 1136 2064; x_wconf 89' lang='lat' dir='ltr'><strong>obediendo,</strong></span> 
     </span>
     <span class='ocr_line' id='line_1_22' title="bbox 99 2075 1135 2153; baseline 0 -18"><span class='ocrx_word' id='word_1_185' title='bbox 99 2084 127 2135; x_wconf 91' lang='lat' dir='ltr'><strong>ot</strong></span> <span class='ocrx_word' id='word_1_186' title='bbox 148 2082 263 2151; x_wconf 89' lang='lat' dir='ltr'><strong>propter</strong></span> <span class='ocrx_word' id='word_1_187' title='bbox 285 2077 428 2153; x_wconf 79' lang='lat' dir='ltr'><strong>Christnm</strong></span> <span class='ocrx_word' id='word_1_188' title='bbox 449 2076 519 2133; x_wconf 91' lang='lat' dir='ltr'><strong>nihil</strong></span> <span class='ocrx_word' id='word_1_189' title='bbox 545 2079 575 2134; x_wconf 91' lang='lat' dir='ltr'><strong>in</strong></span> <span class='ocrx_word' id='word_1_190' title='bbox 601 2076 785 2136; x_wconf 89' lang='lat' dir='ltr'><strong>boemundo</strong></span> <span class='ocrx_word' id='word_1_191' title='bbox 815 2078 919 2136; x_wconf 91' lang='lat' dir='ltr'><strong>terreni</strong></span> <span class='ocrx_word' id='word_1_192' title='bbox 945 2075 1135 2151; x_wconf 89' lang='lat' dir='ltr'><strong>possidendo,</strong></span> 
     </span>
     <span class='ocr_line' id='line_1_23' title="bbox 98 2163 1136 2238; baseline -0.001 -17"><span class='ocrx_word' id='word_1_193' title='bbox 98 2180 210 2237; x_wconf 88' lang='lat' dir='ltr'><strong>semper</strong></span> <span class='ocrx_word' id='word_1_194' title='bbox 231 2163 307 2221; x_wconf 90' lang='lat' dir='ltr'><strong>vitiis</strong></span> <span class='ocrx_word' id='word_1_195' title='bbox 330 2170 359 2221; x_wconf 93' lang='lat' dir='ltr'><strong>et</strong></span> <span class='ocrx_word' id='word_1_196' title='bbox 381 2165 615 2237; x_wconf 88' lang='lat' dir='ltr'><strong>concupiscentiis</strong></span> <span class='ocrx_word' id='word_1_197' title='bbox 644 2165 854 2238; x_wconf 89' lang='lat' dir='ltr'><strong>contradicunt,</strong></span> <span class='ocrx_word' id='word_1_198' title='bbox 882 2180 999 2222; x_wconf 89' lang='lat' dir='ltr'><strong>necesse</strong></span> <span class='ocrx_word' id='word_1_199' title='bbox 1022 2169 1081 2238; x_wconf 90' lang='lat' dir='ltr'><strong>est,</strong></span> <span class='ocrx_word' id='word_1_200' title='bbox 1103 2168 1136 2223; x_wconf 91' lang='lat' dir='ltr'><strong>ut</strong></span> 
     </span>
     <span class='ocr_line' id='line_1_24' title="bbox 97 2248 1134 2325; baseline 0.002 -19"><span class='ocrx_word' id='word_1_201' title='bbox 97 2251 189 2325; x_wconf 88' lang='lat' dir='ltr'><strong>ipsam</strong></span> <span class='ocrx_word' id='word_1_202' title='bbox 202 2252 388 2308; x_wconf 90' lang='lat' dir='ltr'><strong>tentationem</strong></span> <span class='ocrx_word' id='word_1_203' title='bbox 404 2248 544 2307; x_wconf 89' lang='lat' dir='ltr'><strong>concedas</strong></span> <span class='ocrx_word' id='word_1_204' title='bbox 557 2266 608 2323; x_wconf 89' lang='lat' dir='ltr'><strong>pro</strong></span> <span class='ocrx_word' id='word_1_205' title='bbox 623 2254 756 2324; x_wconf 85' lang='lat' dir='ltr'><strong>peccatis·</strong></span> <span class='ocrx_word' id='word_1_206' title='bbox 770 2251 883 2309; x_wconf 92' lang='lat' dir='ltr'><strong>illorum</strong></span> <span class='ocrx_word' id='word_1_207' title='bbox 902 2249 1134 2309; x_wconf 79' lang='lat' dir='ltr'><strong>satisfactionem.</strong></span> 
     </span>
     <span class='ocr_line' id='line_1_25' title="bbox 97 2335 1134 2412; baseline 0.001 -17"><span class='ocrx_word' id='word_1_208' title='bbox 97 2336 284 2395; x_wconf 88' lang='lat' dir='ltr'><strong>Venientibus</strong></span> <span class='ocrx_word' id='word_1_209' title='bbox 306 2337 344 2394; x_wconf 88' lang='lat' dir='ltr'><strong>ad</strong></span> <span class='ocrx_word' id='word_1_210' title='bbox 367 2335 493 2394; x_wconf 88' lang='lat' dir='ltr'><strong>ordinem</strong></span> <span class='ocrx_word' id='word_1_211' title='bbox 514 2343 652 2410; x_wconf 88' lang='lat' dir='ltr'><strong>nostrum,</strong></span> <span class='ocrx_word' id='word_1_212' title='bbox 675 2340 784 2396; x_wconf 90' lang='lat' dir='ltr'><strong>etiarnsi</strong></span> <span class='ocrx_word' id='word_1_213' title='bbox 798 2340 947 2395; x_wconf 90' lang='lat' dir='ltr'><strong>innumera</strong></span> <span class='ocrx_word' id='word_1_214' title='bbox 968 2342 998 2394; x_wconf 88' lang='lat' dir='ltr'><strong>et</strong></span> <span class='ocrx_word' id='word_1_215' title='bbox 1018 2339 1134 2412; x_wconf 81' lang='lat' dir='ltr'><strong>gravis-</strong></span> 
     </span>
     <span class='ocr_line' id='line_1_26' title="bbox 97 2420 1133 2503; baseline 0.002 -23"><span class='ocrx_word' id='word_1_216' title='bbox 97 2426 169 2481; x_wconf 91' lang='lat' dir='ltr'><strong>sima</strong></span> <span class='ocrx_word' id='word_1_217' title='bbox 204 2425 405 2481; x_wconf 88' lang='lat' dir='ltr'><strong>commiserunt</strong></span> <span class='ocrx_word' id='word_1_218' title='bbox 431 2428 565 2497; x_wconf 86' lang='lat' dir='ltr'><strong>peccata,</strong></span> <span class='ocrx_word' id='word_1_219' title='bbox 592 2422 662 2481; x_wconf 92' lang='lat' dir='ltr'><strong>nihil</strong></span> <span class='ocrx_word' id='word_1_220' title='bbox 691 2426 730 2482; x_wconf 93' lang='lat' dir='ltr'><strong>eis</strong></span> <span class='ocrx_word' id='word_1_221' title='bbox 758 2420 869 2503; x_wconf 76' lang='lat' dir='ltr'><strong>aliud⁴)</strong></span> <span class='ocrx_word' id='word_1_222' title='bbox 899 2425 1053 2498; x_wconf 81' lang='lat' dir='ltr'><strong>iniungitur</strong></span> <span class='ocrx_word' id='word_1_223' title='bbox 1080 2439 1133 2499; x_wconf 90' lang='lat' dir='ltr'><strong>pro</strong></span> 
     </span>
    </p>

    <p class='ocr_par' dir='ltr' id='par_1_7' title="bbox 95 2508 1133 2763">
     <span class='ocr_line' id='line_1_27' title="bbox 97 2508 1133 2585; baseline 0.003 -18"><span class='ocrx_word' id='word_1_224' title='bbox 97 2510 296 2583; x_wconf 82' lang='lat' dir='ltr'><strong>satisfactione,</strong></span> <span class='ocrx_word' id='word_1_225' title='bbox 317 2513 371 2568; x_wconf 91' lang='lat' dir='ltr'><strong>nisi</strong></span> <span class='ocrx_word' id='word_1_226' title='bbox 392 2517 425 2567; x_wconf 91' lang='lat' dir='ltr'><strong>ut</strong></span> <span class='ocrx_word' id='word_1_227' title='bbox 439 2509 566 2567; x_wconf 88' lang='lat' dir='ltr'><strong>ordinem</strong></span> <span class='ocrx_word' id='word_1_228' title='bbox 587 2516 709 2570; x_wconf 89' lang='lat' dir='ltr'><strong>servent.</strong></span> <span class='ocrx_word' id='word_1_229' title='bbox 752 2510 828 2570; x_wconf 90' lang='lat' dir='ltr'><strong>Hinc</strong></span> <span class='ocrx_word' id='word_1_230' title='bbox 851 2517 895 2569; x_wconf 90' lang='lat' dir='ltr'><strong>est</strong></span> <span class='ocrx_word' id='word_1_231' title='bbox 916 2508 994 2585; x_wconf 88' lang='lat' dir='ltr'><strong>quod</strong></span> <span class='ocrx_word' id='word_1_232' title='bbox 1015 2516 1133 2570; x_wconf 88' lang='lat' dir='ltr'><strong>sanctus</strong></span> 
     </span>
     <span class='ocr_line' id='line_1_28' title="bbox 96 2596 1133 2672; baseline 0.001 -17"><span class='ocrx_word' id='word_1_233' title='bbox 96 2596 268 2669; x_wconf 89' lang='lat' dir='ltr'><strong>Bernardus‚</strong></span> <span class='ocrx_word' id='word_1_234' title='bbox 291 2614 357 2655; x_wconf 89' lang='lat' dir='ltr'><strong>curn</strong></span> <span class='ocrx_word' id='word_1_235' title='bbox 379 2603 505 2672; x_wconf 88' lang='lat' dir='ltr'><strong>tempore</strong></span> <span class='ocrx_word' id='word_1_236' title='bbox 528 2597 652 2671; x_wconf 89' lang='lat' dir='ltr'><strong>quodam</strong></span> <span class='ocrx_word' id='word_1_237' title='bbox 675 2598 819 2672; x_wconf 88' lang='lat' dir='ltr'><strong>quendam</strong></span> <span class='ocrx_word' id='word_1_238' title='bbox 832 2599 942 2672; x_wconf 81' lang='lat' dir='ltr'><strong>Regem</strong></span> <span class='ocrx_word' id='word_1_239' title='bbox 954 2597 1133 2656; x_wconf 88' lang='lat' dir='ltr'><strong>Francorum</strong></span> 
     </span>
     <span class='ocr_line' id='line_1_29' title="bbox 95 2681 1132 2763; baseline 0.001 -22"><span class='ocrx_word' id='word_1_240' title='bbox 95 2686 125 2741; x_wconf 93' lang='lat' dir='ltr'><strong>in</strong></span> <span class='ocrx_word' id='word_1_241' title='bbox 137 2685 262 2743; x_wconf 91' lang='lat' dir='ltr'><strong>ordinem</strong></span> <span class='ocrx_word' id='word_1_242' title='bbox 273 2687 427 2759; x_wconf 89' lang='lat' dir='ltr'><strong>recepisset</strong></span> <span class='ocrx_word' id='word_1_243' title='bbox 434 2681 463 2763; x_wconf 85' lang='lat'><strong>⁵),</strong></span> <span class='ocrx_word' id='word_1_244' title='bbox 473 2683 512 2741; x_wconf 94' lang='lat' dir='ltr'><strong>illi</strong></span> <span class='ocrx_word' id='word_1_245' title='bbox 524 2683 702 2744; x_wconf 89' lang='lat' dir='ltr'><strong>solummodo</strong></span> <span class='ocrx_word' id='word_1_246' title='bbox 716 2691 782 2760; x_wconf 91' lang='lat' dir='ltr'><strong>post</strong></span> <span class='ocrx_word' id='word_1_247' title='bbox 791 2685 896 2743; x_wconf 86' lang='lat' dir='ltr'><strong>factam</strong></span> <span class='ocrx_word' id='word_1_248' title='bbox 915 2683 1132 2757; x_wconf 80' lang='lat' dir='ltr'><strong>confessionem,</strong></span> 
     </span>
    </p>

    <p class='ocr_par' dir='ltr' id='par_1_8' title="bbox 32 2771 1133 3453">
     <span class='ocr_line' id='line_1_30' title="bbox 95 2771 1133 2847; baseline 0.002 -20"><span class='ocrx_word' id='word_1_249' title='bbox 95 2771 279 2830; x_wconf 89' lang='lat' dir='ltr'><strong>Dominicam</strong></span> <span class='ocrx_word' id='word_1_250' title='bbox 301 2775 458 2831; x_wconf 90' lang='lat' dir='ltr'><strong>orationem</strong></span> <span class='ocrx_word' id='word_1_251' title='bbox 479 2773 607 2829; x_wconf 85' lang='lat' dir='ltr'><strong>inirmxit.</strong></span> <span class='ocrx_word' id='word_1_252' title='bbox 651 2771 715 2847; x_wconf 83' lang='lat' dir='ltr'><strong>Quo</strong></span> <span class='ocrx_word' id='word_1_253' title='bbox 738 2773 867 2844; x_wconf 89' lang='lat' dir='ltr'><strong>turbato,</strong></span> <span class='ocrx_word' id='word_1_254' title='bbox 897 2776 1001 2845; x_wconf 90' lang='lat' dir='ltr'><strong>putans</strong></span> <span class='ocrx_word' id='word_1_255' title='bbox 1030 2771 1086 2830; x_wconf 90' lang='lat' dir='ltr'><strong>sibi</strong></span> <span class='ocrx_word' id='word_1_256' title='bbox 1114 2786 1133 2829; x_wconf 89' lang='lat' dir='ltr'><strong>a</strong></span> 
     </span>
     <span class='ocr_line' id='line_1_31' title="bbox 32 2849 1133 2935; baseline 0 -19"><span class='ocrx_word' id='word_1_257' title='bbox 32 2849 36 2856; x_wconf 71' lang='grc'>’</span> <span class='ocrx_word' id='word_1_258' title='bbox 96 2866 195 2917; x_wconf 88' lang='lat' dir='ltr'><strong>sancto</strong></span> <span class='ocrx_word' id='word_1_259' title='bbox 217 2857 305 2932; x_wconf 80' lang='lat' dir='ltr'><strong>dludi,</strong></span> <span class='ocrx_word' id='word_1_260' title='bbox 327 2858 473 2935; x_wconf 90' lang='lat' dir='ltr'><strong>respondit</strong></span> <span class='ocrx_word' id='word_1_261' title='bbox 495 2857 597 2917; x_wconf 88' lang='lat' dir='ltr'><strong>Abbas</strong></span> <span class='ocrx_word' id='word_1_262' title='bbox 619 2859 737 2916; x_wconf 86' lang='lat' dir='ltr'><strong>beatus:</strong></span> <span class='ocrx_word' id='word_1_263' title='bbox 764 2858 809 2915; x_wconf 87' lang='lat' dir='ltr'><strong>Tu</strong></span> <span class='ocrx_word' id='word_1_264' title='bbox 832 2863 943 2915; x_wconf 88' lang='lat' dir='ltr'><strong>tantum</strong></span> <span class='ocrx_word' id='word_1_265' title='bbox 964 2856 1041 2915; x_wconf 87' lang='lat' dir='ltr'><strong>hanc</strong></span> <span class='ocrx_word' id='word_1_266' title='bbox 1064 2875 1133 2916; x_wconf 90' lang='lat' dir='ltr'><strong>ora-</strong></span> 
     </span>
     <span class='ocr_line' id='line_1_32' title="bbox 96 2943 1133 3020; baseline 0.001 -19"><span class='ocrx_word' id='word_1_267' title='bbox 96 2947 202 3003; x_wconf 91' lang='lat' dir='ltr'><strong>tionem</strong></span> <span class='ocrx_word' id='word_1_268' title='bbox 231 2943 332 3018; x_wconf 89' lang='lat' dir='ltr'><strong>dicito,</strong></span> <span class='ocrx_word' id='word_1_269' title='bbox 360 2953 388 3005; x_wconf 93' lang='lat' dir='ltr'><strong>et</strong></span> <span class='ocrx_word' id='word_1_270' title='bbox 415 2945 543 3003; x_wconf 90' lang='lat' dir='ltr'><strong>ordinem</strong></span> <span class='ocrx_word' id='word_1_271' title='bbox 565 2945 691 3020; x_wconf 89' lang='lat' dir='ltr'><strong>custodi,</strong></span> <span class='ocrx_word' id='word_1_272' title='bbox 721 2952 749 3003; x_wconf 90' lang='lat' dir='ltr'><strong>et</strong></span> <span class='ocrx_word' id='word_1_273' title='bbox 776 2961 829 3020; x_wconf 82' lang='lat' dir='ltr'><strong>ego</strong></span> <span class='ocrx_word' id='word_1_274' title='bbox 852 2945 1051 3019; x_wconf 89' lang='lat' dir='ltr'><strong>propeccatis</strong></span> <span class='ocrx_word' id='word_1_275' title='bbox 1075 2945 1133 3002; x_wconf 90' lang='lat' dir='ltr'><strong>tuis</strong></span> 
     </span>
     <span class='ocr_line' id='line_1_33' title="bbox 95 3029 1132 3110; baseline 0.003 -23"><span class='ocrx_word' id='word_1_276' title='bbox 95 3033 233 3089; x_wconf 89' lang='lat' dir='ltr'><strong>rationem</strong></span> <span class='ocrx_word' id='word_1_277' title='bbox 256 3032 373 3090; x_wconf 91' lang='lat' dir='ltr'><strong>reddam</strong></span> <span class='ocrx_word' id='word_1_278' title='bbox 401 3033 431 3088; x_wconf 92' lang='lat' dir='ltr'><strong>in</strong></span> <span class='ocrx_word' id='word_1_279' title='bbox 454 3031 498 3090; x_wconf 93' lang='lat' dir='ltr'><strong>die</strong></span> <span class='ocrx_word' id='word_1_280' title='bbox 519 3029 656 3110; x_wconf 64' lang='lat' dir='ltr'><strong>iudicii5).</strong></span> <span class='ocrx_word' id='word_1_281' title='bbox 699 3031 789 3090; x_wconf 89' lang='lat' dir='ltr'><strong>Item:</strong></span> <span class='ocrx_word' id='word_1_282' title='bbox 813 3031 885 3089; x_wconf 84' lang='lat' dir='ltr'><strong>Cum</strong></span> <span class='ocrx_word' id='word_1_283' title='bbox 914 3029 969 3089; x_wconf 92' lang='lat' dir='ltr'><strong>alio</strong></span> <span class='ocrx_word' id='word_1_284' title='bbox 998 3036 1132 3106; x_wconf 91' lang='lat' dir='ltr'><strong>tempore</strong></span> 
     </span>
     <span class='ocr_line' id='line_1_34' title="bbox 94 3106 1131 3191; baseline 0.002 -18"><span class='ocrx_word' id='word_1_285' title='bbox 94 3116 170 3176; x_wconf 91' lang='lat' dir='ltr'><strong>idem</strong></span> <span class='ocrx_word' id='word_1_286' title='bbox 192 3125 308 3176; x_wconf 88' lang='lat' dir='ltr'><strong>sanctus</strong></span> <span class='ocrx_word' id='word_1_287' title='bbox 331 3119 462 3176; x_wconf 88' lang='lat' dir='ltr'><strong>transiret</strong></span> <span class='ocrx_word' id='word_1_288' title='bbox 484 3135 570 3191; x_wconf 88' lang='lat' dir='ltr'><strong>casu,</strong></span> <span class='ocrx_word' id='word_1_289' title='bbox 602 3118 652 3177; x_wconf 91' lang='lat' dir='ltr'><strong>ubi</strong></span> <span class='ocrx_word' id='word_1_290' title='bbox 673 3118 759 3177; x_wconf 92' lang='lat' dir='ltr'><strong>homo</strong></span> <span class='ocrx_word' id='word_1_291' title='bbox 781 3135 847 3175; x_wconf 91' lang='lat' dir='ltr'><strong>reus</strong></span> <span class='ocrx_word' id='word_1_292' title='bbox 869 3123 929 3175; x_wconf 89' lang='lat' dir='ltr'><strong>crat</strong></span> <span class='ocrx_word' id='word_1_293' title='bbox 950 3106 1131 3191; x_wconf 82' lang='lat' dir='ltr'><strong>suspenden-</strong></span> 
     </span>
     <span class='ocr_line' id='line_1_35' title="bbox 95 3202 1131 3279; baseline 0.002 -19"><span class='ocrx_word' id='word_1_294' title='bbox 95 3202 162 3276; x_wconf 74' lang='lat' dir='ltr'><strong>duS,</strong></span> <span class='ocrx_word' id='word_1_295' title='bbox 192 3210 220 3262; x_wconf 89' lang='lat' dir='ltr'><strong>et</strong></span> <span class='ocrx_word' id='word_1_296' title='bbox 247 3210 356 3279; x_wconf 91' lang='lat' dir='ltr'><strong>peteret</strong></span> <span class='ocrx_word' id='word_1_297' title='bbox 385 3221 451 3261; x_wconf 90' lang='lat' dir='ltr'><strong>eum</strong></span> <span class='ocrx_word' id='word_1_298' title='bbox 479 3205 533 3263; x_wconf 85' lang='lat' dir='ltr'><strong>sibi</strong></span> <span class='ocrx_word' id='word_1_299' title='bbox 561 3203 637 3278; x_wconf 88' lang='lat' dir='ltr'><strong>dari,</strong></span> <span class='ocrx_word' id='word_1_300' title='bbox 665 3205 807 3279; x_wconf 87' lang='lat' dir='ltr'><strong>iudexque</strong></span> <span class='ocrx_word' id='word_1_301' title='bbox 832 3204 951 3263; x_wconf 92' lang='lat' dir='ltr'><strong>diceret:</strong></span> <span class='ocrx_word' id='word_1_302' title='bbox 991 3203 1131 3277; x_wconf 91' lang='lat' dir='ltr'><strong>Domine,</strong></span> 
     </span>
     <span class='ocr_line' id='line_1_36' title="bbox 94 3289 1131 3366; baseline 0.002 -20"><span class='ocrx_word' id='word_1_303' title='bbox 94 3290 138 3347; x_wconf 88' lang='lat' dir='ltr'><strong>fur</strong></span> <span class='ocrx_word' id='word_1_304' title='bbox 160 3295 211 3363; x_wconf 89' lang='lat' dir='ltr'><strong>est,</strong></span> <span class='ocrx_word' id='word_1_305' title='bbox 236 3297 264 3349; x_wconf 89' lang='lat' dir='ltr'><strong>et</strong></span> <span class='ocrx_word' id='word_1_306' title='bbox 286 3291 438 3366; x_wconf 89' lang='lat' dir='ltr'><strong>suspendio</strong></span> <span class='ocrx_word' id='word_1_307' title='bbox 462 3290 576 3366; x_wconf 83' lang='lat' dir='ltr'><strong>dignus3</strong></span> <span class='ocrx_word' id='word_1_308' title='bbox 599 3291 873 3366; x_wconf 86' lang='lat' dir='ltr'><strong>responditAbbas:</strong></span> <span class='ocrx_word' id='word_1_309' title='bbox 894 3290 943 3349; x_wconf 90' lang='lat' dir='ltr'><strong>Da</strong></span> <span class='ocrx_word' id='word_1_310' title='bbox 964 3289 1032 3347; x_wconf 90' lang='lat' dir='ltr'><strong>mihi</strong></span> <span class='ocrx_word' id='word_1_311' title='bbox 1054 3306 1131 3364; x_wconf 90' lang='lat' dir='ltr'><strong>eum,</strong></span> 
     </span>
     <span class='ocr_line' id='line_1_37' title="bbox 95 3375 1131 3453; baseline 0.001 -19"><span class='ocrx_word' id='word_1_312' title='bbox 95 3384 124 3434; x_wconf 93' lang='lat' dir='ltr'><strong>et</strong></span> <span class='ocrx_word' id='word_1_313' title='bbox 146 3394 199 3451; x_wconf 81' lang='lat' dir='ltr'><strong>ego</strong></span> <span class='ocrx_word' id='word_1_314' title='bbox 232 3377 312 3434; x_wconf 89' lang='lat' dir='ltr'><strong>illum</strong></span> <span class='ocrx_word' id='word_1_315' title='bbox 348 3377 539 3453; x_wconf 74' lang='lat' dir='ltr'><strong>suspendam,</strong></span> <span class='ocrx_word' id='word_1_316' title='bbox 574 3378 677 3436; x_wconf 91' lang='lat' dir='ltr'><strong>ordinis</strong></span> <span class='ocrx_word' id='word_1_317' title='bbox 711 3379 911 3436; x_wconf 90' lang='lat' dir='ltr'><strong>districtionem</strong></span> <span class='ocrx_word' id='word_1_318' title='bbox 944 3375 1131 3451; x_wconf 86' lang='lat' dir='ltr'><strong>suspendium</strong></span> 
     </span>
    </p>
   </div>
   <div class='ocr_carea' id='block_1_3' title="bbox 95 3460 1131 3543">
    <p class='ocr_par' dir='ltr' id='par_1_9' title="bbox 95 3460 1131 3543">
     <span class='ocr_line' id='line_1_38' title="bbox 95 3460 1131 3543; baseline 0 -21"><span class='ocrx_word' id='word_1_319' title='bbox 95 3463 242 3538; x_wconf 88' lang='lat' dir='ltr'><strong>appellans</strong></span> <span class='ocrx_word' id='word_1_320' title='bbox 256 3460 284 3543; x_wconf 86' lang='lat'><strong>¹).</strong></span> <span class='ocrx_word' id='word_1_321' title='bbox 328 3463 393 3522; x_wconf 92' lang='lat' dir='ltr'><strong>Hoc</strong></span> <span class='ocrx_word' id='word_1_322' title='bbox 414 3464 556 3522; x_wconf 89' lang='lat' dir='ltr'><strong>indultum</strong></span> <span class='ocrx_word' id='word_1_323' title='bbox 578 3471 622 3523; x_wconf 90' lang='lat' dir='ltr'><strong>est</strong></span> <span class='ocrx_word' id='word_1_324' title='bbox 643 3465 733 3523; x_wconf 90' lang='lat' dir='ltr'><strong>ordini</strong></span> <span class='ocrx_word' id='word_1_325' title='bbox 755 3482 773 3523; x_wconf 93' lang='lat' dir='ltr'><strong>a</strong></span> <span class='ocrx_word' id='word_1_326' title='bbox 795 3464 869 3523; x_wconf 84' lang='lat' dir='ltr'><strong>Sede</strong></span> <span class='ocrx_word' id='word_1_327' title='bbox 891 3462 1075 3539; x_wconf 87' lang='lat' dir='ltr'><strong>Apostolica,</strong></span> <span class='ocrx_word' id='word_1_328' title='bbox 1098 3470 1131 3522; x_wconf 90' lang='lat' dir='ltr'><strong>ut</strong></span> 
     </span>
    </p>
   </div>
   <div class='ocr_carea' id='block_1_4' title="bbox 113 3578 1129 3858">
    <p class='ocr_par' dir='ltr' id='par_1_10' title="bbox 113 3578 1129 3858">
     <span class='ocr_line' id='line_1_39' title="bbox 113 3578 1129 3649; baseline -0.001 -19"><span class='ocrx_word' id='word_1_329' title='bbox 113 3579 208 3646; x_wconf 84' lang='lat' dir='ltr'><strong>1)Job</strong></span> <span class='ocrx_word' id='word_1_330' title='bbox 227 3581 253 3640; x_wconf 82' lang='lat'><strong>7,</strong></span> <span class='ocrx_word' id='word_1_331' title='bbox 272 3579 337 3630; x_wconf 75' lang='lat'><strong>13—</strong></span> <span class='ocrx_word' id='word_1_332' title='bbox 357 3581 389 3647; x_wconf 81' lang='lat'><strong>2)</strong></span> <span class='ocrx_word' id='word_1_333' title='bbox 407 3580 486 3631; x_wconf 88' lang='lat' dir='ltr'><strong>Galat.</strong></span> <span class='ocrx_word' id='word_1_334' title='bbox 505 3583 531 3643; x_wconf 83' lang='lat'><strong>5,</strong></span> <span class='ocrx_word' id='word_1_335' title='bbox 550 3580 633 3631; x_wconf 85' lang='lat'>16.-</span> <span class='ocrx_word' id='word_1_336' title='bbox 653 3581 685 3649; x_wconf 85' lang='lat'><strong>3)</strong></span> <span class='ocrx_word' id='word_1_337' title='bbox 704 3579 767 3632; x_wconf 80' lang='lat' dir='ltr'><strong>l‘sal.</strong></span> <span class='ocrx_word' id='word_1_338' title='bbox 786 3580 829 3643; x_wconf 80' lang='lat'><strong>31,</strong></span> <span class='ocrx_word' id='word_1_339' title='bbox 846 3581 913 3631; x_wconf 87' lang='lat'><strong>9.-</strong></span> <span class='ocrx_word' id='word_1_340' title='bbox 932 3581 964 3648; x_wconf 84' lang='lat' dir='ltr'><strong>t)</strong></span> <span class='ocrx_word' id='word_1_341' title='bbox 982 3579 1025 3631; x_wconf 77' lang='lat' dir='ltr'><strong>Ab</strong></span> <span class='ocrx_word' id='word_1_342' title='bbox 1043 3578 1129 3630; x_wconf 92' lang='lat' dir='ltr'><strong>nihil</strong></span> 
     </span>
     <span class='ocr_line' id='line_1_40' title="bbox 164 3647 1129 3716; baseline -0.001 -16"><span class='ocrx_word' id='word_1_343' title='bbox 164 3648 251 3700; x_wconf 86' lang='lat' dir='ltr'><strong>alind</strong></span> <span class='ocrx_word' id='word_1_344' title='bbox 271 3650 327 3699; x_wconf 90' lang='lat' dir='ltr'><strong>eis.</strong></span> <span class='ocrx_word' id='word_1_345' title='bbox 348 3679 378 3688; x_wconf 91' lang='lat'><em>-</em></span> <span class='ocrx_word' id='word_1_346' title='bbox 399 3649 430 3716; x_wconf 83' lang='lat'><strong>5)</strong></span> <span class='ocrx_word' id='word_1_347' title='bbox 448 3649 467 3700; x_wconf 90' lang='lat' dir='ltr'>B</span> <span class='ocrx_word' id='word_1_348' title='bbox 486 3650 517 3700; x_wconf 91' lang='lat' dir='ltr'><strong>in</strong></span> <span class='ocrx_word' id='word_1_349' title='bbox 537 3648 653 3701; x_wconf 89' lang='lat' dir='ltr'><strong>ordine</strong></span> <span class='ocrx_word' id='word_1_350' title='bbox 673 3650 890 3714; x_wconf 82' lang='lat' dir='ltr'><strong>suscepisset.</strong></span> <span class='ocrx_word' id='word_1_351' title='bbox 910 3680 941 3689; x_wconf 90' lang='lat'>-</span> <span class='ocrx_word' id='word_1_352' title='bbox 961 3649 992 3713; x_wconf 82' lang='lat'><strong>6)</strong></span> <span class='ocrx_word' id='word_1_353' title='bbox 1010 3647 1042 3698; x_wconf 89' lang='lat' dir='ltr'><strong>dc</strong></span> <span class='ocrx_word' id='word_1_354' title='bbox 1054 3648 1129 3700; x_wconf 86' lang='lat' dir='ltr'><strong>simili</strong></span> 
     </span>
     <span class='ocr_line' id='line_1_41' title="bbox 163 3716 1128 3786; baseline -0.001 -15"><span class='ocrx_word' id='word_1_355' title='bbox 163 3719 285 3786; x_wconf 82' lang='lat' dir='ltr'><strong>Arnnlphi</strong></span> <span class='ocrx_word' id='word_1_356' title='bbox 304 3716 431 3769; x_wconf 88' lang='lat' dir='ltr'><strong>cuiusdam</strong></span> <span class='ocrx_word' id='word_1_357' title='bbox 450 3721 614 3770; x_wconf 86' lang='lat' dir='ltr'><strong>conversione</strong></span> <span class='ocrx_word' id='word_1_358' title='bbox 631 3718 689 3773; x_wconf 82' lang='lat' dir='ltr'><strong>vide</strong></span> <span class='ocrx_word' id='word_1_359' title='bbox 708 3721 733 3771; x_wconf 90' lang='lat' dir='ltr'><strong>in</strong></span> <span class='ocrx_word' id='word_1_360' title='bbox 751 3719 809 3770; x_wconf 85' lang='lat' dir='ltr'><strong>Vita</strong></span> <span class='ocrx_word' id='word_1_361' title='bbox 827 3719 852 3769; x_wconf 88' lang='lat' dir='ltr'><strong>S.</strong></span> <span class='ocrx_word' id='word_1_362' title='bbox 871 3719 991 3771; x_wconf 88' lang='lat' dir='ltr'><strong>Bernard.</strong></span> <span class='ocrx_word' id='word_1_363' title='bbox 1010 3718 1068 3782; x_wconf 90' lang='lat' dir='ltr'><strong>Vll,</strong></span> <span class='ocrx_word' id='word_1_364' title='bbox 1086 3719 1128 3770; x_wconf 84' lang='lat'><strong>22.</strong></span> 
     </span>
     <span class='ocr_line' id='line_1_42' title="bbox 164 3788 582 3858; baseline 0.002 -19"><span class='ocrx_word' id='word_1_365' title='bbox 164 3819 195 3830; x_wconf 88' lang='lat'>-</span> <span class='ocrx_word' id='word_1_366' title='bbox 215 3791 247 3858; x_wconf 85' lang='lat'><strong>7)</strong></span> <span class='ocrx_word' id='word_1_367' title='bbox 265 3789 314 3840; x_wconf 84' lang='lat' dir='ltr'><strong>vu.</strong></span> <span class='ocrx_word' id='word_1_368' title='bbox 333 3789 358 3842; x_wconf 90' lang='lat' dir='ltr'><strong>S.</strong></span> <span class='ocrx_word' id='word_1_369' title='bbox 377 3789 451 3840; x_wconf 88' lang='lat' dir='ltr'><strong>Bern.</strong></span> <span class='ocrx_word' id='word_1_370' title='bbox 469 3788 522 3855; x_wconf 85' lang='lat' dir='ltr'><strong>vit,</strong></span> <span class='ocrx_word' id='word_1_371' title='bbox 541 3789 582 3842; x_wconf 85' lang='lat'><strong>15.</strong></span> 
     </span>
    </p>
   </div>
   <div class='ocr_carea' id='block_1_5' title="bbox 0 0 1234 4162">
    <p class='ocr_par' dir='ltr' id='par_1_11' title="bbox 0 0 1234 4162">
     <span class='ocr_line' id='line_1_43' title="bbox 0 0 1234 4162; baseline 0 3"><span class='ocrx_word' id='word_1_372' title='bbox 0 0 1234 4162; x_wconf 95' lang='lat' dir='ltr'><strong> </strong></span> 
     </span>
    </p>
   </div>
  </div>
 </body>
</html>
