2438 4170
402 218 459 280 DE
480 218 755 282 CONTRITIONE.
1054 221 1096 282 95

71 343 130 414 post
150 341 348 416 repetitionem
363 340 435 402 iacti
461 346 610 417 certiores,
631 345 680 402 vix
709 342 784 402 diem
805 347 972 425 exspectare
991 347 1098 418 potue-

71 432 143 485 runt
183 427 315 487 Puellam
337 446 405 489 vero
429 430 639 490 considerantes
660 433 867 490 intumescente
888 429 1097 505 aliquantidum

71 518 146 572 utero
168 518 342 591 concepisse,
364 516 494 577 dixerunt
514 517 552 575 ad
572 517 664 576 illam:
686 517 742 576 Dic
764 517 863 591 nobis,
883 516 957 591 filia,
980 515 1095 592 dequo

71 600 249 676 conceperis?
295 603 405 679 Quibus
425 604 489 679 illa,
518 607 592 663 sicut
613 603 715 663 edocta
734 605 841 678 fuerat,
862 602 1016 679 respondit
1057 603 1097 664 Et

72 687 119 744 rix
136 705 203 763 prae
224 690 330 766 gaudio
359 708 423 750 sese
445 693 602 766 capientes,
630 707 688 749 non
708 698 864 768 potuerunt
884 709 915 750 se
938 693 1097 766 continere,

75 775 136 847 quin
154 775 336 837 familiaribus
357 781 416 837 suis
439 777 572 852 dicerent,
595 777 663 852 quid
684 778 721 838 ab
745 778 846 855 angelo
868 777 1017 837 audierint.
1050 776 1097 835 Illi

78 858 131 919 dits
148 865 305 939 recitantes,
326 865 403 923 lama
426 864 559 924 dilatante
582 864 760 940 divulgatum
782 871 826 924 est
846 882 897 939 per
918 867 1048 924 civitates
1067 869 1097 923 et

81 953 168 1023 amba,
188 954 255 1025 quia
276 952 341 1011 talis
361 954 442 1028 virgo
457 951 594 1010 Messiam
615 954 774 1026 parturiret.
815 952 944 1010 Instante
966 958 1095 1027 tempore

82 1036 205 1112 pudendi,
233 1038 316 1097 multi
337 1038 374 1097 ad
396 1039 512 1099 domum
532 1038 646 1114 puellae
675 1040 872 1098 confluxerunt
892 1037 1013 1113 Judaei,
1042 1055 1096 1097 cu·

85 1120 174 1195 plantes
192 1141 270 1186 nova
291 1128 439 1185 nativitate
453 1126 500 1184 diu
523 1126 673 1185 desiderati
689 1122 705 1205 ¹)
727 1125 881 1186 laetificari.
924 1125 982 1185 Sed
1002 1127 1095 1184 iustus

87 1202 149 1268 Deus
166 1228 269 1271 vanam
291 1229 373 1288 spem
399 1214 720 1288 iniquorum-convertit
739 1216 769 1272 in
789 1213 930 1286 fabulam,
957 1212 1095 1289 gaudium

88 1290 254 1374 umentam,
277 1302 517 1376 exspectationem
528 1302 559 1359 in
575 1300 777 1360 confusionem.
808 1300 846 1358 Et
859 1303 974 1376 merito3
998 1295 1096 1379 quia²)

90 1392 185 1455 potum
203 1392 300 1461 patres
321 1385 389 1446 olim
416 1403 482 1446 cum
502 1387 619 1447 Herode
641 1387 676 1447 de
704 1390 852 1446 nativitate
879 1387 1027 1446 salutifera.
1044 1384 1096 1444 filii

91 1462 156 1550 Μ’)
174 1473 278 1531 turbati
299 1480 381 1547 sunt,
404 1473 499 1533 decuit
519 1480 552 1532 ut
571 1477 632 1532 istis
644 1475 818 1550 temporibus
839 1474 890 1532 tali
910 1473 1095 1533 illuderentur

91 1551 269 1629 llmtasmate.
321 1560 397 1636 Quid
422 1558 526 1636 plural
576 1560 667 1619 Affuit
695 1561 766 1620 bora
787 1567 820 1620 ut
839 1567 954 1637 pareret
974 1563 1095 1636 misera,

92 1644 181 1705 dcccc
200 1645 358 1706 secundum
380 1647 612 1707 consuetudinem
634 1647 785 1706 mulierum
808 1648 900 1722 dolor,
921 1651 1044 1725 gemitus
1066 1653 1096 1707 et

92 1723 178 1790 timor.
221 1733 360 1803 ,Tandem
382 1737 464 1794 enixa
487 1741 530 1794 est
550 1736 701 1809 infantem,
733 1752 791 1793 non
819 1742 915 1794 tamen
941 1735 1095 1810 Moesiam,

92 1806 229 1878 addim.
274 1821 338 1897 Quo
361 1825 490 1898 cognito,
512 1822 597 1881 valdo
620 1822 728 1880 confusi
758 1827 786 1881 et
815 1823 920 1881 turbati
947 1827 1014 1881 sunt
1033 1818 1093 1879 Ju-

91 1894 142 1962 dcci
186 1906 230 1966 Ex
252 1909 355 1982 quibus
384 1927 458 1967 unus
480 1927 545 1968 cum
567 1909 657 1967 multa
684 1908 878 1986 indignatione
906 1908 1058 1984 parvulum
1068 1903 1091 1988 ι)

89 1987 143 2059 lide
165 1994 393 2070 apprehendens,
424 1995 509 2055 allisit
530 1996 568 2055 ad
595 1997 741 2071 parietem.
784 1994 986 2055 NOVICIUS:
1008 1993 1093 2081 'Quid

90 2082 137 2145 liii
152 2077 246 2161 Μεθ’)
262 2088 359 2142 actum
381 2089 424 2142 est
446 2083 481 2142 de
502 2082 617 2158 puella?
660 2081 896 2142 MONACHUS:
922 2082 1009 2142 Pater
1030 2084 1092 2141 cius

90 2163 254 2227 munionem
274 2186 358 2228 suam
378 2173 502 2244 graviter
522 2170 629 2244 ferens,
661 2171 759 2228 afflixit
780 2187 860 2245 cam,
889 2175 918 2228 ct
942 2187 1008 2229 crim
1029 2175 1092 2228 tor·

89 2252 165 2311 mmt'u
183 2257 300 2315 extorsit
321 2257 358 2316 ab
378 2257 428 2316 illa
449 2257 655 2317 consessionem
669 2261 756 2316 totius
779 2257 843 2315 doli.
886 2255 1091 2316 NOVIOIUS:

88 2324 221 2401 ffltttabilc
241 2343 307 2417 fnit,
330 2343 408 2419 quod
428 2347 509 2420 virgo
535 2344 656 2403 infidelis
678 2345 715 2403 ab
738 2343 853 2404 homine
873 2343 951 2404 fideli
972 2342 1092 2403 seducta

88 2429 113 2477 te
128 2435 255 2505 corrupta,
275 2438 395 2491 nonest
415 2431 453 2490 ad
474 2432 609 2507 baptismi
628 2435 759 2507 gratiam,
779 2438 812 2490 ut
833 2431 996 2506 supradicta
1006 2428 1092 2506 pual-

87 2497 262 2587 ¹blitrtlucta.
304 2515 539 2590 MONACHUS:
568 2519 655 2578 Forte
677 2518 795 2578 clericus
821 2519 877 2577 hoc
900 2517 1011 2578 efficere
1032 2533 1091 2576 non

86 2599 162 2676 biit
180 2603 227 2662 vel
246 2607 342 2679 potius
363 2622 422 2663 non
444 2607 569 2680 curavit,
592 2607 683 2682 magis
704 2604 833 2682 gaudens
856 2604 891 2664 de
912 2604 1091 2665 ludaeorum

86 2685 231 2765 moncione,
254 2708 340 2767 quam
363 2692 398 2751 de
419 2691 532 2767 puellae
553 2692 767 2751 illuminatione.
810 2692 850 2767 Si,
871 2699 904 2750 ut
924 2692 1010 2766 dicis,
1033 2692 1090 2748 mi-

84 2772 179 2836 matie
206 2785 260 2852 est,
286 2794 345 2837 non
366 2781 542 2854 baptizatam
574 2797 631 2839 non
659 2778 810 2837 illuminari
830 2796 882 2854 per
902 2780 1090 2854 baptismum,

83 2857 151 2920 uulso
170 2866 356 2925 miserabilius
379 2874 434 2940 est,
464 2866 540 2941 quod
569 2866 654 2926 hodie
686 2867 724 2925 ab
747 2866 890 2940 Episcopo
914 2865 1092 2941 compellitur

82 2933 201 3023 botrata
220 2952 310 3011 redire
338 2953 377 3013 ad
397 2953 589 3014 Judaismum.
642 2952 843 3015 NOVICIUS:
875 2953 981 3013 Casum
1002 2954 1090 3012 istum

80 3012 158 3097 nilo
175 3038 313 3099 desidero.
463 3052 467 3065 ‘
858 3053 861 3059 ’
995 3086 997 3090 -

275 3298 279 3307 ,
394 3230 626 3292 CAPITULUM
646 3231 750 3293 XXV.

141 3351 215 3412 Item
236 3353 272 3412 dc
288 3354 393 3430 puella
406 3353 528 3412 choea
550 3353 635 3429 opud
650 3352 820 3413 Lococianc
842 3352 1002 3429 baptizata.

119 3486 353 3553 MONAOHUS:
380 3493 478 3570 Nuper
506 3491 654 3553 cuiusdam
680 3491 787 3552 Judaei
814 3491 1000 3553 Lovaniensis
1029 3489 1089 3550 filia

72 3657 374 3730 praedesiderare.
394 3691 425 3702 -
448 3662 480 3730 2)
498 3663 572 3730 quia
590 3659 639 3713 add
657 3660 685 3714 G.
700 3690 732 3703 -
751 3661 783 3730 3)
801 3661 868 3713 lilii
886 3633 955 3723 Dei,
972 3674 1019 3726 pro
1037 3675 1088 3728 quo

120 3728 226 3782 titini
243 3728 327 3792 eide,
353 3747 394 3783 om
412 3730 440 3797 G,
458 3734 499 3800 qui
518 3731 593 3798 paulo
611 3739 669 3798 post
685 3740 720 3784 ut
743 3730 807 3784 lilii
825 3746 931 3783 eorum
950 3731 1035 3781 istis.
1054 3759 1085 3770 -

119 3800 153 3868 l)
170 3798 191 3853 G
208 3801 383 3868 parvulam.
398 3831 431 3840 -
448 3803 480 3872 5)
497 3801 518 3854 B
536 3801 604 3854 hoc.
