2438 4170
89 220 129 280 94
379 220 606 283 DISTINOTIO
625 221 809 285 SECUNDA
869 242 872 247 ·

88 345 132 403 vis
153 341 248 403 adhue
269 341 355 403 aliam
376 344 474 404 audire
495 344 660 420 historiam,
682 346 749 406 huio
771 363 808 406 ex
828 350 911 422 parte
930 343 1064 422 similem,
1083 345 1133 425 ud¹

88 430 225 490 honorem
252 429 319 490 fidei
345 438 460 491 nostrae
488 439 574 507 atque
597 432 836 509 Christianorum,
868 433 1117 509 confusionemque

87 516 284 577 Judaeorum?
326 517 529 579 NOVICIUS:
549 518 657 580 Anima
678 537 744 580 mea
764 521 823 579 sitit
844 518 915 580 talia
935 519 1044 581 ardna

420 707 652 770 CAPITULUM
671 709 788 769 XXIV.

110 813 184 872 Item
206 813 241 871 de
261 815 374 889 virgine
394 813 535 872 Hebraea
556 832 576 871 a
598 814 728 889 quodum
750 815 852 872 olem
873 816 1094 889 inprosperata:

175 917 267 975 quom
288 917 356 959 eom
372 907 512 975 parentas
528 905 703 975 paritorum
723 899 1035 972 aemrmtitasiam,
1077 934 1080 941 ·

485 992 601 1061 peperit
619 987 721 1062 filiam.

151 1105 383 1167 MONACHUS:
405 1107 573 1182 incivitate,
594 1113 626 1165 ut
637 1109 745 1182 opinor,
766 1105 933 1166 Wormaoia
943 1104 969 1187 ¹),
990 1106 1105 1167 Judasu

89 1194 206 1270 quidam
240 1195 390 1269 manebat,
422 1194 510 1253 filiam
538 1193 648 1255 habeus
679 1195 841 1254 formosam.
891 1194 978 1253 Hane
1009 1192 1103 1255 iuverit

89 1282 205 1357 quidam
227 1280 352 1356 clericus,
373 1283 403 1338 in
424 1284 518 1340 vicino
539 1280 685 1355 habitans,
707 1280 860 1355 adamavit,
882 1275 1100 1358 devirginavittt

89 1368 304 1444 impraegnavit.
343 1367 432 1427 Erant
453 1370 529 1428 enim
551 1367 653 1427 domus
673 1367 785 1426 illorum
806 1370 875 1427 satis
896 1370 1055 1445 contiguae,
1076 1370 1101 1425 et

88 1461 200 1531 poterat
220 1454 297 1514 idem
330 1453 447 1514 olerious
475 1456 536 1514 sine
564 1460 632 1513 nota
660 1455 834 1529 frequentius
862 1455 981 1530 intrare,
1011 1460 1037 1514 et
1057 1466 1105 1529 pm·
1131 1500 1133 1511 .

90 1541 174 1601 libitu
195 1542 275 1617 loqui
295 1559 361 1601 oum
381 1543 498 1618 virgine.
541 1541 595 1601 Illa
615 1541 774 1618 intelligens
795 1558 827 1600 se
849 1544 1026 1617 concepisse,
1044 1538 1097 1599 dixit
1129 1550 1133 1565 ¹

88 1630 199 1688 iuveni:
222 1629 355 1705 concepi.
399 1627 473 1705 Quid
494 1626 617 1687 faciam?
661 1628 692 1688 Si
723 1631 888 1705 cognoverit
914 1634 997 1705 pater
1019 1622 1095 1698 moue,

88 1716 236 1776 interficiet
257 1732 312 1775 me.
354 1714 513 1791 Respondit
534 1715 666 1774 clericus:
698 1715 763 1774 Noli
793 1716 901 1774 timere.
944 1714 1022 1774 Bene
1038 1712 1094 1771 liuo-

88 1805 158 1863 rabo
179 1812 218 1863 te‘
261 1802 292 1862 Si
312 1801 413 1861 dixerit
432 1803 484 1861 tibi
504 1808 585 1877 pater
606 1809 672 1861 tuus
693 1801 855 1861 velmater:
879 1801 954 1878 Quid
965 1807 1014 1877 esf,
1032 1793 1091 1859 tini

92 1897 191 1950 venter
211 1896 278 1949 tuus
298 1890 460 1949 intumescit
470 1885 505 1968 ²),
526 1888 630 1949 videris
651 1889 734 1949 nobis
755 1890 935 1965 oonoepisse3
964 1882 1091 1965 responde·

92 1977 150 2037 bis:
173 1977 204 2037 Si
226 1978 352 2051 oouoepi,
373 1978 485 2051 uesci03
507 1974 562 2034 hoo
584 1978 642 2035 seio
665 1977 732 2052 quia
752 1977 833 2052 virgo
855 1993 929 2053 sum,
951 1981 979 2035 et
992 1968 1090 2035 nondun

92 2066 185 2122 virum
207 2065 337 2140 cognovi.
379 2062 442 2138 Ego
455 2058 476 2141 ³)
498 2062 571 2121 bene
593 2080 678 2139 agam
701 2079 765 2122 oum
786 2062 856 2137 iliis„
870 2068 903 2120 ut
925 2061 1035 2122 erodant
1048 2054 1091 2117 ui

92 2149 144 2210 Ille
167 2150 377 2227 diligentissime
400 2152 527 2225 cogitans
550 2149 670 2224 qualiter
689 2148 814 2224 puellam
845 2149 992 2225 liberaret,
1015 2145 1091 2206 huiut·

93 2237 170 2296 modi
192 2237 337 2312 stropham
344 2232 366 2315 4)
388 2238 503 2294 invenit.
546 2235 661 2295 Tollens
683 2236 861 2311 arundinem,
882 2238 912 2294 in
933 2236 1036 2295 silentio
1051 2242 1091 2289 ut-

94 2326 146 2384 otis
168 2324 206 2383 ad
226 2325 380 2383 fenestram
401 2339 539 2396 camarae,
560 2324 639 2384 iuxta
661 2341 748 2399 quarn
768 2322 831 2383 illos
854 2322 974 2382 dormire
993 2317 1091 2383 nores

94 2414 229 2486 accessit,
253 2417 281 2470 et
301 2409 391 2468 verba
407 2409 608 2468 'huiuscemodi
628 2427 680 2486 per
699 2412 857 2469 immissam
877 2409 1000 2470 fistulam
1018 2401 1091 2467 sibile·

93 2501 150 2557 vit:
174 2496 198 2557 O
221 2499 287 2556 iusti
309 2503 338 2555 et
347 2495 411 2555 Deo
435 2496 536 2571 dilecti,
557 2499 676 2572 propriis
697 2497 860 2555 nominibus
882 2514 932 2556 eos
954 2496 1093 2573 expriment

92 2585 228 2663 gaudete,
263 2601 328 2644 ecoe
351 2582 409 2642 filia
430 2589 526 2642 vestra
546 2586 627 2661 virgo
650 2582 780 2659 oonoepit
800 2583 904 2658 filium,
936 2591 965 2643 et
988 2585 1042 2659 ipse
1057 2571 1094 2635 erl

92 2673 228 2733 liberator
255 2670 354 2747 populi
383 2673 470 2729 vostri
497 2670 594 2730 Israel.
646 2670 805 2746 Statimque
832 2669 980 2746 paululum
1005 2658 1095 2727 retituif

93 2760 268 2820 arundiuem.
312 2757 361 2817 Ad
382 2757 456 2816 hano
478 2774 580 2816 vooem
592 2757 723 2816 Judaeus
745 2757 969 2834 expergefaetus,
991 2744 1096 2815 exaud

94 2864 212 2907 uxorem
234 2842 360 2925 suam⁶)‚
383 2845 479 2912 diceus
502 2847 542 2903 ei:
574 2844 721 2919 Numquid
748 2861 806 2902 non
828 2844 932 2903 audisti
953 2841 1019 2920 quid
1035 2832 1096 2899 nolit
1130 2838 1133 2853 ’

93 2932 189 2993 locuta
216 2935 252 2991 sit
284 2950 341 2992 vox
371 2931 499 2991 coelica?
542 2931 701 3006 Respondit
730 2931 844 2989 mulier:
876 2931 951 2990 Non.
992 2930 1028 2988 Et
1049 2922 1097 2985 ule

96 3019 225 3094 Ommns,
247 3026 279 3078 ut
301 3025 329 3077 et
350 3024 382 3076 tu
403 3018 501 3077 audire
522 3021 665 3077 merearis.
710 3017 863 3077 Orantibus
886 3019 935 3093 eis,
957 3001 1100 3083 eleuauit

93 3107 246 3167 fenestram
278 3113 371 3180 stans,
404 3111 433 3165 et
461 3104 608 3180 diligenter
636 3104 703 3180 quid
730 3105 913 3180 loquerentur
946 3102 1101 3165 ausonam,

93 3191 188 3273 post⁶)
210 3192 349 3252 morulam
372 3192 472 3251 eadem
493 3192 583 3251 verba
605 3209 678 3267 quae
708 3209 793 3266 supra
814 3193 954 3267 repetivit,
975 3182 1103 3267 atquead-

94 3283 171 3341 ieoit:
198 3280 337 3357 Magnum
360 3279 468 3338 debetis
489 3279 564 3361 filiae
586 3284 698 3338 vestrae
727 3278 864 3337 honorem
886 3278 1033 3352 exhibere,
1056 3289 1106 3333 ma·

94 3387 182 3446 gnam
203 3386 301 3427 euram
323 3366 472 3441 adhibere,
495 3373 523 3424 et
545 3383 609 3424 oum
630 3365 720 3424 multa
743 3364 889 3441 diligentia
909 3382 1024 3424 servare
1050 3375 1108 3438 pue·

94 3474 166 3530 rum,
188 3455 223 3515 de
245 3457 305 3514 eius
325 3456 452 3530 virgineo
475 3469 592 3529 corporo
613 3455 795 3527 nasciturum,
815 3454 878 3528 ipsa
900 3454 976 3512 euim
989 3448 1112 3511 attia

94 3545 166 3617 sias,
196 3560 281 3617 quem
309 3543 488 3616 exspectatis.
538 3539 584 3597 Illi
612 3535 803 3613 exsultantes,
832 3545 862 3599 et
889 3538 925 3599 de
954 3538 1113 3598 revelatione

112 3660 143 3728 i)
161 3659 181 3711 G
198 3660 230 3710 iu
256 3657 394 3710 civitate
410 3657 633 3710 lemovicensi
659 3654 865 3722 temporibus
890 3655 1025 3707 nostris.
1044 3682 1072 3692 -
1089 3650 1116 3717 2]

163 3727 206 3780 BG
223 3731 384 3780 tumescit.
405 3758 435 3767 -
454 3728 486 3796 3)
504 3727 524 3779 Β
543 3743 602 3795 ego
628 3727 716 3777 enim.
737 3754 767 3763 —
787 3725 819 3793 4)
838 3725 900 3779 cut>
917 3724 1072 3791 tropham.
1090 3751 1116 3760 -

165 3800 196 3866 5)
214 3799 233 3852 C
251 3815 379 3850 uxorem
398 3799 477 3849 eius.
498 3827 528 3836 -
549 3797 580 3865 6)
598 3795 642 3848 Au
660 3801 790 3861 etpost.
