2438 4170
391 239 446 302 DE
468 238 743 345 commosin
1041 245 1081 306 93

98 359 191 423 rabbu
207 361 322 424 indutus
344 379 440 424 coram
460 363 603 443 Episcopo
624 371 713 426 staret
729 367 763 425 in
787 363 851 426 loco
880 383 948 443 suo,
980 383 1084 443 supra·

98 444 163 509 dotus
176 448 309 528 Judaeus,
328 450 507 512 multitudine
526 450 704 513 Judaeorum
724 454 860 531 stipatus,
893 448 1084 532 cummagno

97 537 182 612 strepitu
195 540 312 598 minant
332 537 497 615 ecclesiam,
528 539 670 616 Episcopo
693 540 729 600 de
756 546 878 618 cognato
905 556 959 600 suo
989 541 1085 600 lacere

96 621 166 684 utero
182 627 390 701 querimoniam.
434 625 527 702 Quem
546 633 580 686 ut
599 629 709 687 iuvenis
728 627 815 703 vidit,
836 635 865 688 et
884 628 959 687 bene
978 627 1085 688 intelli-

94 716 156 787 geret,
172 712 205 772 ad
226 713 294 788 quid
315 713 448 789 venisset,
468 713 562 788 coepit
581 714 689 789 timere,
709 713 823 791 pallere,
844 721 972 790 tremere,
994 721 1022 775 et
1039 715 1085 773 di-

94 812 138 857 cae
152 797 208 859 Deo
228 800 259 857 in
280 798 366 860 eorde
387 816 456 859 suo:
477 798 701 877 DomineDcus,
721 802 812 861 libera
831 818 877 860 me
897 802 928 859 in
940 800 1086 877 hachora,

93 889 168 962 tago
185 886 237 946 tibi
256 889 405 962 promitto,
434 886 512 962 quod
533 886 569 946 de
591 893 686 948 cetero
706 894 736 948 te
755 904 814 948 non
836 887 996 964 offendam,
1027 890 1086 948 imo

93 966 176 1033 loloc
193 974 312 1049 peccato
333 973 386 1032 tibi
405 973 586 1034 satisfaciam.
629 974 747 1034 Creator
766 977 925 1050 piissimus,
957 977 1006 1051 qui
1027 974 1087 1034 odit

92 1055 183 1135 tulpuuu
203 1065 232 1119 et
252 1059 343 1137 diligit
362 1066 508 1135 naturam,
528 1078 596 1120 mox
616 1068 650 1120 ut
670 1062 814 1122 hominem
836 1065 987 1123 contritum
1006 1062 1087 1137 vidit,

50 1206 53 1211 ,
92 1144 264 1222 nubsionem,
285 1164 371 1223 quam
391 1149 492 1223 timuit,
512 1149 542 1206 iu
564 1155 650 1224 eaput
669 1149 825 1210 infidelium
847 1151 993 1209 convertit.
1027 1148 1086 1206 Mi-

51 1294 54 1299 ,
92 1237 149 1291 rmtc
162 1229 176 1313 ¹)
194 1232 338 1310 Episcopo
361 1234 429 1311 quid
451 1242 617 1311 quaererent
637 1234 743 1296 Judaei
763 1238 792 1295 in
814 1236 943 1311 ecelesia,
963 1237 1088 1296 maxime

92 1315 194 1396 tide,
225 1321 340 1396 quaudo
363 1321 516 1381 Christiani
534 1321 652 1381 Domini
677 1326 722 1383 sui
741 1329 955 1399 repraesentant
974 1323 1088 1399 passio·

93 1416 147 1480 tom,
162 1409 256 1467 annuit
276 1414 310 1468 ut
330 1414 445 1469 starent.
486 1409 547 1469 Illis
568 1409 689 1485 amplius
711 1427 742 1470 sc
763 1412 824 1471 eius
844 1412 1022 1486 praesentiae
1041 1411 1088 1467 in·

92 1493 233 1570 mathus,
252 1497 353 1568 statim,
368 1501 402 1555 ut
423 1512 474 1555 ora
494 1496 532 1556 ad
554 1496 646 1556 clerici
673 1499 885 1557 accusationem
903 1502 1089 1572 aperuerunt,

93 1576 170 1653 uitali
186 1582 243 1641 suis
263 1582 399 1658 vocibus,
427 1599 526 1642 omnes
548 1584 758 1643 obmutuerrmt
799 1584 909 1644 Videns
930 1583 1090 1661 Episcopus

41 1716 47 1751 Ι
94 1676 131 1723 tn
144 1664 311 1728 ludaeorum
332 1674 431 1729 contra
450 1687 481 1730 se
501 1670 624 1746 hiantia,
656 1677 685 1730 ct
713 1669 792 1731 nulla
811 1671 903 1730 verba
923 1687 959 1730 ex
980 1671 1020 1730 eis
1042 1686 1090 1729 re·

41 1756 48 1855 p
94 1755 208 1831 numm,
233 1761 339 1834 putans
360 1757 428 1832 quia
448 1755 487 1816 ad
507 1757 563 1817 hoc
583 1758 742 1832 venisseut,
772 1763 806 1816 ut
827 1758 928 1818 divinis
949 1756 1090 1834 mysteriis

41 1858 45 1923 :3
94 1832 227 1918 Euducnt,
258 1859 325 1903 cum
345 1842 537 1920 indignatione
559 1859 658 1902 omncs
679 1843 715 1904 de
737 1845 807 1904 atrio
830 1843 967 1905 ecclesiae
988 1842 1092 1918 expelli

41 1928 45 2001 l
95 1929 217 2004 insopit
258 1928 385 1990 Clericus
406 1946 474 1990 vero
496 1932 621 1990 divinam
642 1933 671 1989 in
692 1948 723 1990 se
745 1937 878 2008 expertus
899 1930 1091 2004 clementiam,

41 2014 43 2097 f
95 2010 166 2072 litim
183 2016 321 2092 completo
343 2016 452 2093 officio,
474 2020 594 2078 accessit
614 2017 652 2078 ad
672 2018 854 2094 Pontificem,
882 2018 1026 2078 confessus
1048 2022 1092 2077 est

41 2104 47 2167 ῗ-
96 2094 189 2176 tdpam,
208 2105 332 2180 suscepit
351 2105 562 2181 poenitentiam.
604 2105 773 2181 Episcopus,
794 2104 911 2165 Domini
931 2106 1092 2165 misericor-

41 2182 47 2255 ξ
96 2176 152 2245 ditm
168 2187 305 2250 admirans
327 2197 355 2251 et
374 2191 550 2269 glorificans,
575 2198 638 2251 tum
657 2210 709 2268 pro
730 2193 925 2270 magnitudine
945 2191 1092 2266 miraculi,

41 2274 44 2281 '
95 2267 140 2328 tim
154 2289 200 2350 pro
218 2279 392 2353 poenitentia
420 2280 549 2357 cognati,
575 2280 668 2339 cidem
696 2281 785 2340 suasit
812 2297 848 2340 ac
873 2280 1029 2356 persuasit,
1060 2283 1094 2336 ut

94 2354 192 2425 puebm
210 2382 229 2424 a
248 2381 280 2424 se
303 2364 477 2440 defloratam,
497 2383 549 2442 per
569 2366 703 2443 baptismi
719 2368 841 2444 gratiam
853 2372 1027 2441 renovatam,
1048 2363 1094 2424 lc·

94 2438 168 2513 gline
187 2449 308 2528 duceret,
329 2452 438 2512 malens
458 2453 557 2528 illum,
578 2455 652 2513 sicut
672 2455 716 2513 vir
735 2456 799 2530 pius
822 2460 851 2514 ct
871 2455 976 2528 iustus,
998 2451 1094 2512 eccle-

94 2524 188 2596 tinias
207 2555 302 2599 carere
323 2539 482 2614 benefieiis,
515 2556 602 2615 quam
621 2540 699 2599 illam
720 2541 816 2600 multis
837 2543 996 2617 expositam
1016 2538 1094 2614 pen·—

94 2611 147 2676 culs
172 2624 198 2683 in
228 2627 354 2701 paternis
381 2643 496 2686 manere
525 2626 643 2687 debetis.
700 2627 826 2687 Clericus
854 2644 912 2686 non
947 2627 1095 2684 immemor

93 2692 325 2794 bonomensis),
345 2713 508 2774 satisfacere
522 2716 638 2790 cupiens
648 2713 714 2775 Deo
731 2731 783 2791 pro
804 2719 923 2789 peccato
935 2714 1095 2785 commisso,

93 2795 221 2858 ⁰⁰¹1vtrsus
243 2805 287 2860 est
306 2807 407 2876 postea
427 2803 456 2860 iu
478 2800 575 2860 ordine
603 2807 715 2876 nostro,
747 2800 873 2860 similiter
904 2805 933 2860 et
961 2800 1020 2859 eius
1048 2800 1095 2856 in-

92 2871 176 2941 cinea
193 2885 296 2961 puella.
339 2886 420 2947 Haec
441 2887 511 2947 mihi
531 2890 644 2962 saepius
665 2889 794 2948 recitavit
815 2887 930 2962 quidam
948 2886 1096 2962 religiosus

91 2950 174 3027 Ablus
192 2971 295 3033 ordinis
315 2976 413 3034 nostri.
453 2975 530 3035 Eece
551 2974 651 3050 vides,
673 2981 811 3050 quantum
832 2975 899 3034 boni
921 2979 1039 3049 operata
1059 2974 1097 3032 sit

91 3036 309 3119 lnhochomine
341 3062 478 3120 contritio.
526 3061 655 3138 Lapsum
682 3065 783 3137 erexit,
812 3061 941 3122 Judaeos
970 3058 1096 3136 elinguis

90 3121 152 3228 sitii,
168 3145 288 3219 puellam
308 3146 450 3207 infidelem
471 3148 509 3208 ad
523 3148 610 3208 fidem
624 3151 764 3224 provexit.
794 3147 994 3209 NOVICIUS:
1015 3147 1096 3206 Bene

90 3216 173 3304 tideo,
190 3231 324 3309 admiror,
352 3239 380 3294 et
400 3234 528 3311 gaudeo,
556 3234 670 3312 Deique
699 3238 856 3296 bonitatem
882 3237 958 3295 circa
987 3251 1040 3293 nos
1067 3235 1096 3292 in

91 3305 170 3374 mlillis
188 3319 343 3380 considero.
384 3319 619 3383 MONACHUS:
643 3323 716 3400 Quia
737 3340 829 3384 sermo
852 3329 896 3382 est
916 3322 952 3382 do
968 3320 1097 3395 Judaeis,

106 3449 133 3522 1)
147 3462 220 3521 incr
237 3471 376 3524 miranti.
397 3500 428 3512 —
455 3472 488 3541 2)
505 3472 562 3525 libri
588 3475 674 3541 scripti
701 3482 727 3525 et
753 3473 793 3526 Pli
819 3475 968 3541 ingratus
994 3472 1097 3524 divini

148 3531 315 3605 beneficii,
340 3542 528 3611 Ringratus
554 3542 677 3596 divinis
703 3544 889 3596 beneficiis.
925 3541 1098 3610 Sedingra-
1169 3572 1173 3581 ·

150 3610 193 3657 ius
217 3610 251 3662 nil
273 3612 322 3663 nisi
342 3611 427 3679 lapsus
443 3612 599 3665 librariorum
616 3630 673 3664 esse
689 3612 797 3666 videtur.
832 3611 970 3665 Emendavi
996 3615 1098 3663 imme-

150 3687 208 3728 mor
232 3694 263 3731 ex
285 3681 342 3733 loco
364 3682 454 3734 Homil.
471 3683 500 3734 ll.
519 3699 544 3751 p.
564 3683 609 3734 13:
636 3685 691 3751 qui
716 3699 777 3735 nou
803 3684 969 3734 immemor
994 3680 1099 3733 divini
1197 3684 1202 3695 “

153 3739 297 3802 beneficii
321 3751 481 3804 saeculum
499 3752 659 3816 deseruit,
676 3761 708 3804 et
730 3754 762 3804 iu
786 3751 919 3822 quodam
938 3750 1098 3803 coenobio

154 3814 267 3871 ordinis
292 3824 400 3874 nostri
425 3821 602 3893 religionis
628 3822 779 3878 habitum
804 3821 964 3892 suscepit.
