2460 4162
133 248 174 307 ee
299 250 305 255 ·
454 245 681 309 parmomo
706 226 835 309 enum

132 386 200 429 nere
222 367 407 444 saecularem,
428 371 479 429 ubi
500 388 645 431 assumere
662 367 678 449 ¹)
700 371 879 447 proponebat
893 369 1022 430 militiam
1033 372 1171 448 spiritua-

133 456 199 515 lem.
241 455 347 515 Adhuc
360 459 440 531 vivit,
461 460 619 517 virbonus
640 475 674 516 ae
697 459 855 535 rehgiosus,
875 461 953 534 prius
970 461 1043 517 iuter
1064 476 1171 519 mona-

134 543 204 604 chos
225 546 363 618 novicius,
383 550 485 621 postea
507 546 544 604 ob
566 544 756 603 humilitatem
776 545 869 604 factus
891 552 934 604 est
956 563 1121 605 conversus.

437 733 668 795 CAPITULUM
689 735 867 795 XXXVIII.

311 858 359 915 De
381 857 485 914 humili
506 860 692 915 conversione
713 857 844 932 Philippi
864 855 994 916 Aetate.

200 993 302 1055 Abbas
324 994 472 1071 Philippus
495 993 530 1053 de
553 991 701 1072 OttIrburg
724 997 895 1054 contrarium
916 996 989 1070 feeit,
1010 997 1083 1055 sicut
1100 995 1172 1055 mihi

136 1082 231 1142 retulit
253 1085 405 1142 eanonicus
427 1082 543 1156 quidam
553 1082 750 1157 Traieetensis,
773 1085 821 1157 qui
842 1089 910 1141 tunc
931 1085 1067 1158 temporis
1082 1099 1171 1158 prac-

41 1234 43 1239 ,
136 1187 202 1229 sens
228 1170 288 1228 fuit.
330 1169 387 1228 Hic
416 1186 482 1229 cum
511 1175 587 1227 esset
615 1169 650 1228 de
679 1162 801 1228 honesta
831 1168 977 1244 parentela
1008 1177 1108 1244 natus,
1141 1176 1172 1230 et

27 1333 33 1340 ·
113 1259 250 1325 ‚maioris
273 1255 410 1315 ecelesiae
430 1257 460 1312 in
482 1253 601 1314 Colonia
630 1254 797 1331 eanonicus,
829 1255 1014 1332 Rudolphum
1042 1256 1172 1316 eiusdem

137 1343 274 1403 ccclesiae
296 1343 506 1402 Scholastieum
527 1342 641 1401 Parisiis
662 1342 804 1418 legentem
826 1343 943 1401 audivit.
985 1343 1092 1402 Divina
1124 1344 1171 1401 ln-

85 1462 88 1467 ·
137 1432 262 1507 spIrante
283 1431 393 1505 gratia,
413 1430 549 1504 magistro
572 1446 623 1487 suo
645 1432 809 1505 ignorante,
836 1430 949 1488 scholas
971 1429 1109 1504 deseruit,
1141 1437 1173 1489 et

138 1534 204 1577 cum
227 1523 302 1575 esset
322 1515 488 1575 adolescens
501 1512 521 1594 ²)
545 1515 680 1574 delicatus
709 1517 847 1591 bonisque
875 1517 1003 1575 vestibus
1034 1516 1173 1592 indutus,

137 1605 256 1680 pauperi
278 1602 401 1662 scholari
422 1604 477 1662 sihi
498 1607 656 1661 occurrenti
677 1603 739 1661 illas
762 1602 846 1676 dedit,
868 1609 897 1662 et
910 1603 977 1662 vilia
990 1602 1065 1663 illius
1078 1605 1172 1662 vesti-

137 1696 236 1749 menta
248 1681 276 1769 3)”
291 1690 460 1765 reinduens,
481 1690 519 1748 ad
541 1689 657 1748 domum
680 1690 824 1764 quandam
845 1689 950 1748 ordinis
971 1692 1074 1763 nostri,
1097 1706 1174 1764 quae

137 1776 303 1836 Bonavallis
325 1776 441 1851 dieitur,
473 1779 605 1850 veniens,
635 1793 666 1835 se
688 1779 716 1834 in
737 1779 882 1835 novicium
903 1779 1008 1852 suspri
1029 1776 1174 1835 humiliter

138 1865 248 1939 petlvit.
289 1864 429 1922 Videnies
465 1863 545 1922 illum
581 1864 681 1922 fratres
719 1881 811 1938 cappa
839 1866 905 1920 trita
933 1871 1020 1938 atque
1055 1869 1174 1922 vetusta

136 1951 281 2025 indutum,
307 1953 489 2010 aestimantes
518 1968 584 2008 eum
616 1951 776 2009 scholarem
804 1967 959 2025 pauperem
988 1956 1017 2008 et
1044 1967 1174 2026 vagum,

136 2039 280 2112 suscipere
301 2043 462 2095 renuerunt.
507 2036 694 2096 Considerans
716 2054 826 2095 moram
848 2036 979 2112 repulsae
1010 2053 1073 2094 esse
1093 2038 1175 2111 peri-

138 2123 282 2197 culosam,
314 2125 528 2199 Ingressumque
557 2124 611 2190 sibi
631 2125 742 2198 negari,
769 2125 922 2181 novissime
945 2122 1029 2180 dixit:
1062 2121 1175 2181 Sinon

137 2211 318 2284 susceperitis
340 2226 394 2284 me,
416 2210 487 2268 forte
510 2227 562 2268 vos
584 2210 748 2284 poenitebit,
772 2216 800 2268 et
822 2227 887 2268 eum
908 2209 1001 2268 facere
1016 2208 1175 2285 volueritis,

73 2304 76 2309 '
138 2313 279 2356 essenon
301 2299 415 2371 poterit.
456 2296 538 2355 Tunc
560 2295 675 2354 demum
697 2303 847 2370 susceptus
870 2303 921 2354 est.
966 2296 1087 2372 Cognita
1112 2298 1177 2356 eius

139 2386 333 2458 conversione,
354 2385 489 2460 magister
499 2383 669 2458 liudolphus
692 2382 800 2456 dolens,
822 2401 888 2442 cum
902 2385 986 2442 sociis
1001 2382 1177 2457 quibusdam

138 2470 177 2530 ad
198 2472 402 2529 monasterium
423 2472 516 2544 venit,
545 2470 596 2529 sed
617 2470 834 2529 fundamentum
855 2488 942 2545 supra
962 2476 1073 2544 petram
1093 2472 1176 2545 posi-

138 2564 200 2616 tum
222 2574 339 2616 movere
360 2574 419 2616 non
440 2554 576 2637 potunt).
618 2557 656 2615 Et
678 2559 745 2631 quia
766 2557 841 2614 idem
852 2556 1000 2632 Philippus
1017 2573 1047 2614 se
1062 2559 1090 2613 in
1103 2574 1176 2616 con-

138 2646 270 2704 versione
283 2641 304 2723 ⁵)
325 2644 500 2719 humihavit,
522 2646 551 2701 in
572 2649 684 2702 tantum
705 2643 785 2701 illurn
805 2643 947 2702 Dominus
970 2637 1121 2717 exaltavit,
1142 2649 1177 2702 ut

138 2748 197 2791 non
217 2731 307 2791 multo
329 2739 396 2807 post
417 2730 510 2790 eidem
532 2729 629 2790 domui
650 2731 752 2790 Abbas
765 2726 786 2810 ⁶)
810 2729 1019 2805 praeficeretur.

450 2919 681 2981 CAPITULUM
711 2921 863 2979 XXXIX.

150 3026 197 3085 Dc
220 3043 253 3085 eo
276 3025 500 3102 quodquidam
522 3030 557 3084 in·
576 3030 763 3085 conversione
786 3026 901 3084 ordines
923 3042 1022 3083 suevos
1043 3024 1171 3083 celantes

355 3120 480 3188 prepter
501 3114 696 3172 humilitatem
718 3116 849 3172 conversi
868 3113 952 3187 fiunt.

204 3252 300 3311 Tanta
321 3258 365 3311 est
384 3254 475 3310 virtus
496 3252 680 3327 humilitatis,
702 3258 734 3311 ut
756 3253 816 3310 eius
839 3268 935 3310 amore
958 3268 1045 3326 saepe
1067 3248 1105 3309 ad
1128 3266 1180 3309 or-

141 3339 237 3398 dhrem
258 3342 404 3398 venientes
426 3339 527 3413 clerieI,
549 3340 636 3398 laicos
655 3357 685 3398 se
699 3338 901 3412 simulaverint,
923 3338 1061 3397 malentes
1072 3354 1181 3412 pecora

140 3442 267 3502 poscere,
289 3443 377 3501 quam
397 3425 483 3485 libros
504 3426 615 3503 legere,
637 3429 726 3485 satius
739 3423 759 3506 Ἰ)
784 3426 919 3484 ducentes
940 3424 1005 3484 Deo
1028 3427 1057 3482 in
1078 3423 1180 3482 hunri-

160 3609 382 3681 occurrere.
402 3641 432 3651 —
461 3611 687 3680 2]ciuvenis.
707 3641 737 3652 -
765 3608 946 3681 3)Blllius
973 3609 1180 3672 Indumenta,

210 3681 251 3734 DP
269 3682 469 3736 vestimentu
495 3681 596 3734 illius.
617 3712 648 3722 -
667 3682 699 3749 l]
716 3682 774 3733 Luc.
794 3683 827 3744 6,
844 3683 886 3733 48.
908 3711 938 3719 -
958 3681 989 3749 5)
1007 3680 1027 3733 0
1044 3682 1077 3730 in
1104 3695 1181 3731 con-

211 3752 367 3805 versione
394 3765 435 3802 se.
455 3780 485 3789 -
509 3751 704 3820 liJGhbbas
729 3751 830 3802 eidem
857 3750 970 3803 domui.
992 3779 1021 3789 —
1042 3750 1074 3816 7)
1092 3748 1112 3801 G
1130 3764 1180 3800 sa-

211 3822 299 3887 nius,
316 3821 337 3874 l)
355 3822 509 3873 sanetius.
