2460 4162
415 223 471 283 nr
493 222 768 284 connnssronn.
1052 221 1111 314 nr

454 397 685 458 cnnrrunun
706 398 744 457 u.
789 383 792 388 ’

114 546 150 605 De
165 548 248 612 clauo
268 556 580 626 Rraenronstraterrse,
603 557 655 629 qui
676 557 737 612 stne
759 552 938 629 confessione
959 552 1114 639 cuiusdam

132 640 229 699 rnatu
242 645 356 718 peccati
378 645 521 701 commissi
543 641 584 698 ud
606 640 752 699 obsessum
774 644 878 712 exiens
901 658 921 697 u
943 640 1085 698 doemone

498 735 621 786 notatus
644 734 693 786 eet.

159 876 304 941 toronicus
326 883 442 957 quidam
463 885 493 940 in
515 881 654 942 Steinvelt
685 882 791 940 ordinis
812 881 1113 955 Pracmonstratensis,

111 962 165 1021 siut
179 969 240 1027 mihi
260 969 357 1028 retulit
379 972 536 1028 canonicus
559 969 675 1043 quidam
685 968 927 1042 Monasterionsis,
948 967 1033 1026 valde
1048 967 1114 1026 lau-

110 1045 185 1112 dibilis
203 1058 276 1115 vitae
307 1056 375 1130 fuit,
409 1073 494 1131 quern
523 1059 604 1131 quasi
632 1056 669 1113 ad
696 1056 853 1131 fugandum
882 1055 1050 1114 daemonem
1077 1054 1113 1112 de

110 1132 197 1199 throno
216 1143 299 1210 Brior
320 1143 359 1200 ad
381 1146 484 1201 ostium
506 1145 671 1201 monasterii
693 1160 790 1200 secum
809 1142 914 1200 eduxit.
958 1141 1022 1217 Quo
1042 1143 1113 1214 viso,

110 1236 159 1281 nor
174 1227 297 1288 diabolus
319 1247 371 1304 per
392 1246 424 1288 os
445 1229 567 1287 hominis
590 1228 742 1287 clamavit:
768 1229 831 1304 Ego
855 1228 996 1304 quaedam
1020 1227 1054 1285 de
1078 1244 1113 1286 eo

110 1309 159 1385 ⁸6⁰,
173 1323 282 1392 propter
303 1333 378 1390 quae
400 1334 466 1374 eum
487 1333 545 1374 non
566 1318 662 1374 timeo.
705 1316 770 1374 Non
791 1322 887 1374 tamen
901 1317 1056 1391 permissus
1070 1321 1115 1373 est

109 1394 184 1459 adem
201 1403 355 1477 publicare,
378 1419 411 1461 eo
435 1402 512 1477 quod
534 1405 650 1460 minima
672 1410 774 1477 essent,
796 1421 832 1461 ne
854 1406 915 1461 viro
939 1409 1037 1460 sancto
1059 1418 1113 1460 vc-

108 1486 242 1547 mundam
263 1490 385 1548 inferret.
428 1490 481 1548 Illc
499 1489 573 1549 benc
587 1486 602 1568 ¹)
614 1490 735 1548 verbum
745 1490 912 1566 intelligens,
935 1487 1114 1548 remordente

109 1576 250 1634 morientia
272 1578 402 1650 intravit,
416 1560 422 1594 ¹
436 1575 548 1650 eulpam
578 1577 723 1634 consessus
755 1575 850 1651 rediit,
885 1583 914 1634 et
945 1579 969 1634 si
991 1576 1114 1634 daemon

108 1652 204 1742 euru)
223 1661 333 1737 aliquid
354 1666 438 1722 sciret
458 1665 612 1737 inquisivit.
654 1663 814 1738 Respondit
842 1663 979 1721 daemon:
1007 1661 1114 1720 Adhuc

108 1738 180 1817 'liqna
198 1749 297 1824 culpae
318 1751 440 1825 vestigia
461 1756 599 1825 apparent
620 1752 650 1806 in
672 1754 715 1823 te,
749 1766 783 1807 eo
806 1749 884 1823 quod
904 1762 962 1807 non
984 1751 1020 1807 sit
1042 1749 1114 1807 sub·

107 1838 196 1893 mnus
214 1835 361 1910 stimulus,
383 1836 498 1912 plagam
519 1839 663 1912 virgarum
684 1836 851 1912 intelligens.
895 1836 1002 1894 Iterum
1022 1836 1113 1893 intra-

107 1912 248 1997 vltiurcnis,
270 1925 427 1982 iniunctam
440 1925 551 1998 accepit
567 1922 753 1997 disciplinam,
774 1940 970 1998 reversusque,
992 1924 1017 1981 si
1030 1924 1115 1981 sciret
1161 1918 1165 1926 ’

106 1997 188 2076 iliquid
205 2011 397 2085 interrogavit.
440 2010 642 2085 Respondente
665 2009 789 2084 diabolo,
810 2009 1008 2085 perindicium
1017 2026 1114 2068 meum

105 2084 136 2142 ¹¹11
152 2094 224 2155 nodo
235 2094 256 2176 ³)
271 2086 348 2154 'novi
371 2096 406 2154 de
428 2102 472 2170 te,
499 2100 567 2155 satis
596 2097 738 2156 aedificati
759 2102 825 2156 sunt
845 2097 954 2156 iratres.
997 2095 1113 2156 NOVI-

105 2168 266 2241 tiliarum
279 2182 423 2241 modicum
438 2201 484 2241 mc
499 2181 685 2263 perarmate),
707 2184 785 2259 quod
809 2186 940 2243 inimicus
960 2186 990 2242 in
1012 2190 1111 2243 sancto

105 2257 224 2357 {stipost
246 2270 452 2329 contessionem
484 2271 603 2344 laetam,
635 2270 752 2346 aliquod
781 2271 992 2345 deprehendere
1019 2272 1113 2346 potuit

104 2356 191 2418 “llum
208 2359 329 2432 peccati.
372 2355 605 2416 MONAOHUS:
633 2357 699 2415 Hoc
719 2357 801 2416 Deus
830 2361 957 2433 permisit
984 2358 1022 2416 ad
1051 2361 1112 2417 cius

104 2425 194 2499 boum,
235 2443 351 2518 Quanto
374 2447 437 2518 quis
458 2444 616 2518 perfectior,
637 2450 717 2502 tanto
739 2462 790 2519 pro
812 2462 866 2502 sua
888 2445 973 2520 eulpa
991 2444 1111 2503 delenda

104 2528 152 2614 ΨΘ
168 2526 246 2588 debet
268 2530 421 2589 sollicitior.
464 2530 653 2605 Disciplinam
674 2534 838 2605 iniunctam,
861 2549 948 2605 qnam
969 2548 1041 2609 mox·
1058 2549 1111 2589 ac-

102 2614 175 2677 eillle
192 2619 296 2691 potnit,
329 2620 452 2676 maxime
480 2625 578 2676 contra
612 2618 757 2676 diabolum
777 2625 970 2693 pugnaturus,
1000 2617 1110 2677 differre

101 2699 261 2761 1¹⁰¹ldclruit.
304 2702 379 2762 Nam
399 2707 428 2762 in
450 2705 619 2779 supradictis
641 2705 763 2779 duobus,
784 2705 932 2764 sacerdote
952 2705 1060 2763 scilicet
1082 2712 1110 2763 et

100 2788 166 2841 ”llo
182 2790 282 2863 militis,
305 2807 427 2865 quorum
449 2792 588 2851 confessio
610 2809 703 2866 neque
723 2792 818 2850 debita
828 2792 888 2866 fuit,
910 2808 1002 2865 neque
1013 2791 1110 2866 aliqua

99 2859 174 2932 sthur
192 2880 311 2935 exterior
332 2880 507 2952 poenitentia
528 2879 696 2952 subsecuta,
729 2879 859 2937 diabolus
892 2877 970 2936 nulla
997 2880 1110 2953 peccati
1208 2888 1212 2895 '

100 2956 196 3051 ἵθξΰξίκ
216 2963 426 3038 deprehendere
447 2967 548 3040 potuit.
591 2963 790 3031 NOVICIUS:
812 2964 913 3023 Placet
935 2965 1012 3040 quod
1031 2965 1108 3040 dicis,

98 3050 152 3113 llll!
166 3053 317 3108 necessitas
337 3053 366 3108 in
389 3069 476 3110 causa
497 3051 556 3108 luit.
600 3051 658 3110 Sed
679 3069 764 3110 nosse
786 3051 890 3109 vellem
923 3051 1109 3111 differentiam

96 3124 155 3186 inlu
169 3152 263 3195 reram
285 3137 442 3213 falsamque
476 3138 691 3196 contessionem.
734 3135 968 3198 MONAOHUS:
1002 3138 1108 3214 Quanti

94 3216 205 3291 uolens
227 3223 366 3283 confessio
395 3227 432 3282 sit
459 3241 543 3299 vera,
572 3230 602 3282 et
630 3242 717 3300 quam
742 3225 873 3285 inefficax
903 3226 1042 3286 consessio
1072 3228 1108 3285 sit

91 3300 154 3379 fleta,
171 3326 220 3385 per
240 3310 369 3371 subiecta
392 3311 541 3388 dignosces
564 3311 702 3387 exempla.

92 3723 121 3795 t)
138 3722 219 3775 bane
243 3723 293 3775 add
310 3722 359 3778 BG.
380 3754 411 3765 -
433 3723 465 3792 2)
483 3723 589 3776 adhuc
614 3724 691 3777 habet
708 3726 729 3780 G
746 3735 804 3795 post
827 3728 937 3781 sciret.
958 3759 988 3768 —
1015 3727 1047 3795 3)
1064 3724 1106 3780 ΒΟ

138 3791 231 3847 nodo
257 3793 311 3847 nil.
331 3823 362 3835 -
381 3793 495 3863 AEJADP
514 3794 632 3848 turbat.
