2460 4162
440 237 496 307 DE
517 243 780 307 marmoren.
829 236 835 249 '
887 190 894 203 ἢ
1068 246 1129 304 267

92 364 188 445 simili,
207 370 249 429 ita
268 374 303 428 ut
319 368 413 429 dicere
432 375 531 446 posset
553 350 618 428 cum
639 367 796 444 Apostolo:
817 367 864 426 Nc
884 350 1060 442 mupr'aitudo
1080 385 1130 425 ce-

93 458 277 518 velata'omam
292 457 414 515 mauce
427 474 481 529 one,
503 456 592 515 dutus
610 462 652 514 eat
667 456 740 514 mac
760 455 896 514 stimulus
917 457 1014 512 carata
1037 471 1131 527 meac,

94 544 220 620 orrpelraa
233 542 375 614 Satanae,
398 546 450 618 qut
470 560 517 600 mc
530 536 698 618 colaphizat.
721 541 767 599 Ex
786 540 843 600 hoc
863 541 893 598 in
907 557 938 600 se
950 543 1013 616 ipso
1027 532 1144 614 didicit,¹

94 629 241 706 quomodo
253 629 316 688 aliis
334 628 452 711 deberet
472 629 588 688 mederi.
631 628 773 704 Tempore
795 625 920 702 quodam
942 644 1008 686 cum
1028 625 1131 685 Abbas

94 716 295 791 Hermanuua,
330 712 366 775 d'e
395 732 452 791 quo
481 733 569 792 supra
598 713 670 789 dixi,
698 717 815 774 noviter
836 713 995 774 monachus
1023 713 1131 789 factus,

94 803 211 863 stimulo
226 805 318 862 caruis
331 801 396 878 plus
414 819 501 878 quam
516 805 542 862 ei
558 801 684 877 placeret
700 807 864 875 tentaretur,
886 807 915 860 et
935 800 1034 860 audita
1054 801 1132 859 fama

94 891 255 950 sanctitatis
276 892 351 964 eius,
372 891 467 964 ipsum
487 889 602 963 adisset,
623 905 740 963 sperans
762 905 793 947 se
814 889 920 946 meritis
941 889 1130 963 precibusque

94 975 171 1036 illius
183 975 293 1052 aliquid
306 992 392 1051 posse
404 975 533 1050 relevari,
553 975 592 1035 ad
604 977 707 1033 missas
724 971 740 1055 ¹)
755 991 786 1034 se
799 981 1016 1051 praeparantem
1036 976 1131 1049 ipsum

94 1064 214 1123 invenit.
257 1060 310 1122 Oui
332 1079 396 1122 cum
420 1068 536 1137 propter
557 1067 671 1137 tempus
693 1061 899 1120 confessionem
920 1062 1029 1134 tacere,
1058 1062 1131 1119 sicut

95 1154 294 1227 proposuerat,
313 1166 371 1208 non
392 1155 498 1224 posset,
521 1151 551 1207 iu
573 1165 642 1207 aure
664 1144 753 1227 eius2)
775 1150 911 1207 secretius
933 1148 1014 1206 dixit:
1036 1147 1132 1221 Pater,

95 1239 223 1313 graviter
250 1237 344 1312 patior
364 1235 510 1295 stimulum
532 1236 639 1310 camis3
665 1240 744 1292 orate
764 1234 876 1308 Deum,
902 1241 935 1292 ut
954 1233 1055 1294 liberet
1076 1251 1131 1292 me.

96 1322 193 1400 Quem
221 1339 294 1397 cum¹
317 1322 363 1380 ille
389 1324 573 1398 respexisset,
603 1323 685 1396 quasi
710 1338 746 1380 ex
767 1323 889 1397 abrupto
900 1321 1038 1381 -clamosa
1059 1337 1131 1379 voce

95 1408 257 1486 respondIt:
280 1408 363 1468 Certe
381 1426 434 1484 ego
449 1409 540 1469 simile
560 1409 667 1484 patior3
691 1407 759 1482 quid
780 1425 847 1484 ergo
869 1425 921 1482 pro
942 1408 1026 1467 vobis
1049 1424 1129 1467 orare

96 1493 221 1574 potero?
252 1496 291 1555 Et
310 1498 384 1555 sicut
404 1495 474 1554 mihi
494 1495 590 1553 rotulit
610 1492 686 1552 idem
706 1495 904 1569 Hermanuus,
933 1512 969 1554 ex
990 1494 1045 1553 hoc
1067 1498 1130 1569 ipso

96 1582 266 1644 aedificatus
297 1585 426 1657 recessit,
448 1581 526 1658 quod
556 1581 701 1640 hominem
732 1588 863 1640 sanctum
896 1587 925 1640 et
950 1599 1049 1641 senem
1077 1583 1131 1640 sibi

96 1670 202 1729 similia
212 1671 274 1745 pati
286 1675 468 1745 cognoverat.
510 1668 557 1728 De
572 1684 629 1743 quo
646 1671 771 1726 narravit
785 1668 854 1726 mhi
867 1667 1000 1727 sacerdos
1015 1666 1132 1742 quidam

97 1756 262 1834 religiosus,
295 1758 343 1831 qui
374 1759 443 1814 satis
479 1754 515 1814 de
549 1757 610 1814 vita
644 1757 704 1813 eius
733 1760 866 1828 noverat,
894 1754 972 1829 quod
1001 1757 1131 1828 quotiens

96 1843 230 1904 osculum
242 1845 323 1918 pacis
335 1842 419 1902 alicui
432 1843 597 1902 clericorum
610 1843 640 1899 in
653 1842 741 1899 missa
753 1841 925 1917 porrigebat,
939 1843 1030 1917 magis
1044 1841 1131 1914 illum,

96 1931 199 1991 timore
219 1931 398 2002 tentationis,
426 1946 474 1989 ore
501 1931 533 1987 in
553 1928 651 2003 aliqua
671 1933 752 2003 parte
772 1928 855 1987 faciei
875 1927 1022 2002 tunderet,
1045 1945 1130 2002 quam

97 2017 283 2077 oscularettu.
327 2016 401 2091 Quia
429 2019 519 2075 virtus
546 2018 575 2074 in
603 2015 764 2072 infirmitate
784 2013 928 2090 perficitur
936 2012 972 2094 ³),
1001 2020 1130 2089 tempore

96 2103 226 2180 quodam
253 2102 395 2161 Dominus
423 2102 558 2162 dilectum
584 2119 668 2160 suum
694 2107 754 2159 tam
778 2100 873 2160 valido
897 2100 993 2161 doloro
1016 2103 1131 2177 capitis,

96 2206 185 2267 quem
206 2191 292 2250 etiam
318 2189 417 2265 glossa
443 2207 502 2248 una
525 2191 556 2247 in
573 2187 715 2263 Apostolo
742 2194 827 2246 vocat
855 2188 1001 2247 stimulum
1024 2190 1132 2260 carnis,

96 2278 263 2337 tentavitet
279 2276 386 2350 afflixit,
407 2276 536 2334 utillum
557 2278 653 2334 vivere
675 2275 809 2334 taederet.
859 2274 915 2350 Qui
943 2293 1009 2334 cum
1036 2278 1130 2333 minus

14 2402 22 2415 ·
96 2380 179 2425 orare
188 2370 288 2439 posset
299 2369 349 2421 aut
362 2362 464 2438 legere,
485 2363 555 2421 adiit
566 2362 710 2437 quendam
723 2361 866 2421 medicum
878 2365 1009 2436 peritum,
1027 2378 1131 2438 rogans

95 2450 153 2511 subi
163 2455 280 2526 propter
292 2448 435 2508 Christum
444 2456 544 2508 contra
558 2447 684 2508 dolorem
697 2454 758 2506 tam
768 2451 932 2507 continuum
943 2448 1057 2524 aliquod
1070 2448 1130 2506 dari

95 2536 255 2598 consilium.
302 2535 355 2594 Illc
387 2539 479 2612 magis
507 2542 645 2611 appetens
666 2537 831 2610 pecuniam,
854 2553 941 2610 quam
969 2536 1129 2594 mercedem

95 2622 232 2697 divinam,
253 2622 412 2698 respondit:
434 2623 465 2682 Si
481 2622 613 2681 dederitis
627 2622 695 2680 mihi
717 2628 773 2681 tres
786 2639 905 2696 marcas,
926 2623 999 2681 beno
1022 2622 1128 2680 curabo

95 2728 160 2771 vos.
204 2708 258 2769 Cui
279 2727 344 2767 cum
373 2710 480 2768 diceret
505 2711 548 2768 vir
570 2716 701 2781 sauctus,
730 2716 787 2768 tres
808 2726 919 2767 marcas
940 2725 997 2766 nou
1018 2709 1128 2781 habeo,

96 2796 245 2857 dimidiam
273 2804 369 2855 autcm
390 2796 481 2855 libens
502 2791 711 2873 impondam³);
732 2795 878 2870 rcspoudit
898 2795 1048 2871 physicus:
1071 2796 1128 2853 Pro

94 2883 208 2945 tantillo
237 2882 304 2941 nolo
331 2882 470 2941 laborare.
512 2882 594 2941 Tunc
617 2882 679 2942 ille:
702 2881 733 2940 Si
760 2881 896 2941 haberem
924 2888 981 2941 trcs
1002 2899 1128 2955 marcas,

80 2972 175 3048 ‚prius
188 2969 287 3029 darem
299 2965 377 3048 eas‘)
399 2970 581 3045 pauperibus,
603 2964 688 3043 quam
706 2970 804 3044 vobis,
825 2967 1017 3028 infirmitatem
1033 2986 1127 3029 meam

93 3056 163 3119 Deo
179 3058 333 3116 committo.
372 3055 490 3115 Justum
511 3056 567 3115 Dei
588 3055 731 3114 iudicium.
774 3054 839 3114 Hoc
862 3072 927 3114 cum
949 3056 1065 3115 dixisset
1085 3059 1129 3137 cir

94 3144 215 3217 beatus,
237 3151 267 3203 et
286 3142 440 3216 recederet,
468 3144 498 3201 in
518 3145 582 3217 ipsa
602 3142 674 3201 liora
695 3142 777 3202 dolor
797 3144 896 3218 capitis
917 3143 1040 3202 totaliter
1062 3161 1128 3202 eum

94 3230 273 3305 deseruit'at
281 3232 376 3304 ipsum
383 3227 404 3308 ⁶)
419 3229 561 3288 medicum
574 3230 686 3287 invasit.
706 3228 783 3287 Nihil
800 3229 836 3289 de
852 3228 1020 3288 infirmitatis
1034 3248 1129 3305 quau-

92 3320 178 3379 titata
212 3318 407 3391 mutuabatur,
439 3316 508 3373 nihil
543 3314 578 3374 de
607 3315 692 3374 modo
722 3323 751 3375 et
789 3315 925 3391 qualitate
956 3318 1129 3376 mutabatur.

92 3405 140 3465 lix
152 3410 222 3465 tunc
236 3410 349 3481 potcrat
371 3405 397 3461 oi
417 3402 506 3461 verbo
521 3402 686 3477 evangelico
705 3404 890 3478 exprobrare:
913 3402 1031 3476 Medico,
1054 3422 1128 3463 cura

93 3499 124 3553 tc
145 3488 283 3569 pomoni).
325 3489 391 3549 Hoc
404 3489 572 3549 miraculum
589 3489 701 3548 cuidam
722 3492 859 3550 canonico
881 3492 973 3550 sancti
993 3490 1130 3565 Severini,

50 3592 73 3627 ρ

69 3654 72 3659 ¹
111 3676 147 3745 1)
163 3673 185 3729 G
201 3676 337 3727 misaam.
356 3704 387 3713 —
407 3674 439 3742 2)
457 3673 499 3726 A?
516 3676 553 3726 ei.
573 3702 605 3713 -
624 3674 656 3796 33
673 3673 730 3727 Gor.
748 3673 779 3739 ll,
797 3673 839 3739 ta,
856 3675 881 3727 9.
901 3705 932 3715 -
950 3676 983 3743 4)
1000 3676 1020 3728 Β
1039 3676 1130 3728 dimi-

165 3743 248 3797 dium
267 3775 297 3787 -
317 3743 545 3811 expendam·
560 3744 591 3810 5)
609 3742 629 3795 B
667 3759 723 3795 aas
739 3743 856 3797 darem.
874 3775 904 3786 -
924 3745 956 3814 6)
974 3745 1059 3799 ΑΟΒΡ
1075 3749 1131 3799 inr-

165 3815 260 3895 pium.
278 3844 309 3856 -
329 3815 361 3882 7)
379 3814 436 3866 Luc.
453 3815 479 3875 4,
497 3813 538 3867 23.
