2460 4162
124 208 183 266 108
413 202 645 268 DISTING'PIO
664 196 850 266 SECUNDA
965 218 972 227 '

122 337 183 388 tam
210 329 290 388 illam
319 327 421 388 durare
449 329 580 389 ridemus
613 330 827 406 generationem
845 323 872 408 ¹).
925 310 1206 406 nonaum&

122 417 188 476 Non
209 416 303 475 solum
325 415 501 491 defectivae,
523 416 625 475 sedet
648 420 843 475 consumtivae
865 419 985 473 maurae
1007 419 1067 489 est,
1088 408 1204 491 qui*

123 511 156 563 ut
178 503 261 578 diois,
289 506 318 561 in
340 522 371 563 se
394 503 511 563 celerius
534 503 644 576 delicit,
675 510 703 562 et
731 518 938 578 nonnunquam
959 500 1015 559 sibi
1035 494 1201 561 admixw

123 593 184 650 sive
206 593 357 650 coniuncta
379 593 528 649 consumit
571 589 777 650 NOVICIUS:
799 589 849 647 Da
870 587 1043 664 exemplum.
1086 580 1199 647 ΜΨ

123 676 298 737 NACHUS:
320 677 402 736 Haec
425 695 499 752 quae
522 677 649 736 dicturus
672 695 743 751 sum,
765 694 784 734 a
806 674 979 750 quibusdam
997 662 1197 737 Abbaabu‘

125 765 231 823 ordinis
251 766 341 823 nostn‘
361 763 469 840 audivi,
490 765 542 824 sed
563 781 668 824 nomen
688 782 748 823 non
767 765 871 822 retinui
890 762 956 838 loci,
976 764 1008 821 in
1022 779 1081 839 quo
1093 756 1197 823 oon‘

123 848 289 930 agerunt2).

440 1041 674 1102 CAPITULUM
694 1041 844 1101 XXXIV.

148 1183 195 1241 De
211 1184 342 1258 paeonio
363 1185 512 1255 usurarii,
535 1200 612 1257 qaaae
629 1185 790 1256 paeoniam
811 1183 983 1241 monosterii
1003 1184 1092 1241 iacto
1111 1197 1139 1241 ac

489 1272 617 1344 positam
640 1269 801 1328 devoravit.

191 1405 343 1466 Usurarius
366 1407 483 1482 quidam
506 1407 619 1465 cuidam
648 1407 753 1466 ordinis
781 1408 872 1466 nostri
903 1406 1048 1466 collaudo
1070 1420 1162 1481 quan·

127 1494 194 1552 dam
214 1496 353 1568 pecuniae
375 1511 446 1553 suae
473 1511 615 1553 summam
647 1497 788 1553 commisit
815 1493 1028 1552 reservandam.
1071 1492 1163 1569 Quum

126 1580 172 1638 lile
194 1583 337 1657 signatam
363 1583 393 1639 in
421 1581 485 1640 loco
517 1587 580 1640 tuto
608 1584 689 1640 iuxta
710 1578 862 1657 pecuniam
884 1582 1048 1639 monasterii
1079 1596 1166 1657 repo-

129 1669 193 1726 suit.
234 1667 342 1726 Postea
364 1686 430 1727 cum
451 1670 595 1727 usurarius
626 1669 785 1744 depositum
818 1674 972 1743 repeteret,
1004 1666 1168 1727 cellerarius

131 1772 229 1814 arcam
250 1772 393 1829 reserans,
413 1773 508 1830 neque
528 1755 622 1830 illam,
644 1773 737 1831 neque
760 1774 842 1814 suam
862 1757 978 1814 invenit
1022 1754 1080 1830 Qui
1101 1770 1169 1813 oum

131 1842 249 1902 uidisset
270 1859 354 1901 arcae
376 1860 454 1901 seras
475 1845 611 1916 intactas,
641 1849 670 1901 et
697 1842 844 1919 signacula
871 1841 1049 1901 sacculorum
1071 1840 1170 1917 selva,

132 1930 173 1986 ita
193 1937 226 1986 ut
247 1929 326 1988 nulla
348 1936 424 1988 esset
445 1928 481 1988 de
502 1929 575 1988 furto
589 1927 610 2008 ³)
633 1932 764 2005 suspicio
787 1931 929 2005 cognovit,
950 1927 1029 2003 quod
1043 1930 1172 2003 pecunia

131 2018 252 2074 usurarii
275 2016 441 2076 devorasset
462 2020 614 2091 pecuniam
635 2018 806 2075 monasterii.
848 2016 894 2074 Ex
923 2032 980 2091 quo
1013 2014 1171 2093 colligitur,

132 2102 210 2177 quod
231 2119 283 2177 per
304 2103 514 2178 eleemosynam
536 2121 648 2176 usurae,
669 2105 832 2162 monasterii
852 2103 1013 2162 substantia
1032 2118 1093 2162 non
1114 2119 1172 2161 au·

132 2195 247 2266 geatur,
280 2189 331 2248 sed
353 2189 475 2249 deficiat.
517 2189 720 2249 NOVIOIUS:
747 2190 857 2266 Magna
878 2196 958 2264 sunt,
987 2206 1062 2264 quae
1093 2190 1173 2249 diota

133 2282 200 2334 sant
221 2276 257 2335 de
280 2278 462 2351 contritione,
484 2276 536 2335 sed
559 2293 680 2352 quaero,
709 2279 732 2336 si
754 2279 779 2335 is
801 2280 850 2351 qui
872 2276 970 2336 oculos
991 2276 1174 2352 nonhabet,

133 2365 328 2421 contritionem
350 2363 457 2422 habere
479 2366 581 2438 possit,
616 2381 681 2422 cum
710 2366 770 2424 sine
792 2364 881 2423 oeulis
902 2364 970 2423 flere
991 2381 1049 2422 non
1069 2366 1174 2438 possit.

133 2448 365 2509 MONACHUS:
389 2449 526 2509 Contritio
547 2468 605 2509 non
627 2458 671 2510 est
692 2453 720 2508 in
742 2450 871 2524 lacrimis,
893 2451 944 2510 sed
965 2453 995 2509 in
1009 2456 1090 2509 motu
1104 2466 1174 2510 cor-

134 2535 185 2611 dis,
207 2540 288 2596 cuius
310 2539 392 2614 signa
412 2537 547 2596 lacrimae
569 2543 635 2596 sunt
657 2538 812 2611 oculorum,
835 2555 900 2597 oum
922 2545 952 2598 et
973 2554 1022 2598 cor
1038 2537 1175 2599 lacrimas

133 2641 199 2683 suas
221 2622 338 2684 habeat.

466 2815 699 2876 oAPrrULUM
713 2816 847 2876 XXXV.

136 2953 181 3012 Da
202 2959 375 3015 contritione
397 2958 552 3016 cuiusdam
572 2956 677 3015 nobilis
699 2956 737 3014 ab
759 2958 888 3016 Henrico
910 2958 996 3016 Duce
1013 2955 1173 3018 Saxona„

578 3047 734 3103 wcoeooti.

198 3179 267 3238 Dux
288 3180 430 3241 Henrieus
452 3181 542 3256 Saxo,
574 3189 657 3259 pater
679 3180 792 3242 Ottonis
812 3182 1010 3259 Imperatoris,
1042 3189 1175 3259 tempore

136 3266 260 3340 quodam
281 3271 375 3327 sirum
397 3269 540 3344 quendam
561 3270 687 3328 nobilem
707 3287 759 3345 pro
791 3288 844 3329 suo
873 3270 979 3328 scolere
1001 3270 1175 3333 exoculavit.

135 3352 216 3413 Deus
243 3371 310 3414 vero
341 3374 377 3414 ex
406 3373 459 3414 sua
494 3356 685 3415 misericordia
720 3359 926 3416 excaecationis
957 3374 1080 3433 poenam
1110 3360 1175 3419 uiro

136 3434 337 3515 convertens⁴J
358 3444 389 3521 in
410 3442 588 3517 medicinam,
611 3450 720 3501 tantam
742 3443 819 3502 cordi
842 3447 902 3503 eius
925 3444 1043 3502 contulit
1064 3448 1175 3503 contri-

137 3529 251 3604 tionem,
273 3535 306 3588 ut
326 3532 428 3606 ingiter
448 3537 569 3604 peecata
590 3533 742 3588 commissa
764 3529 888 3605 defleret,
911 3538 939 3590 et
960 3549 1011 3608 pro
1031 3530 1174 3593 desiderio

156 3717 187 3786 1)
205 3716 225 3769 ll
243 3714 485 3786 generationes.
511 3744 541 3755 —
566 3715 597 3782 2)
615 3732 703 3768 omues
720 3716 778 3769 libri
800 3720 955 3787 contigit.
980 3748 1010 3758 -
1036 3718 1069 3786 3)
1089 3717 1112 3772 C
1136 3719 1175 3772 de

207 3787 294 3839 lurto
312 3795 410 3839 erret
431 3814 462 3825 -
480 3786 513 3854 d)
531 3783 552 3838 C
569 3789 737 3840 convertit.
