2438 4170
89 253 151 311 aro
397 224 625 312 ursrurcruo
647 248 814 329 Qunam

424 439 656 503 cAPrrULUM
676 441 791 502 XCIX.

213 564 262 623 De
282 560 385 623 elecem
405 567 437 623 io
457 563 583 623 Senecio
604 563 647 622 od
665 567 884 633 mercationem
907 564 997 624 udal

476 658 557 710 cerae
578 649 736 710 conuocato.
958 652 962 659 '

155 772 221 831 Non
243 777 286 831 est
307 771 370 846 diu,
399 770 477 848 quod
496 773 532 829 in
547 771 668 832 Susacia
689 771 807 831 clericus
829 771 948 848 quidam
968 771 1020 831 trit
1037 787 1107 848 perc·
1131 842 1134 851 Ι

82 861 203 938 prinus,
223 858 406 918 Hermannus
426 861 554 933 nomine,
581 865 674 918 aetate
695 850 819 934 iuvenis,
842 876 962 935 corpore
981 874 1102 936 procerus,
1137 852 1139 857 ’

90 945 209 1023 pulcher
228 952 356 1021 aspectu.
397 945 432 1004 In
456 945 532 1004 hunc
552 945 658 1005 femina
679 944 822 1020 quaedam
843 945 972 1006 eiusdem
1002 944 1100 1006 civitatis

92 1036 161 1093 civis
188 1033 287 1093 oculos
310 1034 419 1107 iniecit,
448 1031 521 1091 adeo
548 1033 585 1090 ab
606 1031 655 1091 illo
676 1032 865 1107 inflammata,
894 1040 928 1092 ut
952 1029 1097 1095 deonoti

92 1121 215 1180 volucris
243 1122 314 1179 meis
342 1119 520 1194 amplexibus
542 1121 599 1194 uti,
628 1121 724 1178 omnia
744 1136 809 1179 mea
831 1118 882 1179 tua
905 1125 993 1179 erunt
1031 1116 1095 1178 dus
1136 1192 1139 1201 ⁴

91 1208 181 1267 verba
218 1206 266 1266 vel
299 1209 440 1282 promissa
472 1223 537 1265 cum
567 1207 697 1280 iuvenis,
737 1222 847 1265 memor
872 1208 964 1266 sancti
992 1202 1092 1280 Joscph,

92 1293 263 1369 despiceret,
289 1300 318 1352 et
337 1291 386 1352 illa
407 1292 476 1351 nihil
497 1309 528 1351 se
549 1291 686 1367 proficere
709 1299 849 1368 cerneret,
884 1294 920 1353 de
942 1292 1092 1368 oppressione

89 1379 170 1439 illum
199 1396 296 1439 coram
324 1378 464 1440 iudicibus
492 1381 648 1438 accusavit
691 1378 747 1456 Qui
774 1396 840 1438 cum
861 1385 994 1457 negaret,
1016 1375 1093 1437 nerei

93 1466 266 1540 crederetur,
294 1468 398 1525 missus
423 1467 515 1525 estin
538 1465 693 1537 claustrum
713 1482 874 1542 murorum,
901 1466 995 1527 locum
1012 1462 1092 1525 nutat

92 1553 299 1613 damnatorum.
330 1553 392 1628 llla,
413 1552 574 1612 stimulante
587 1552 707 1628 luxuria,
728 1552 863 1613 aclerico
886 1572 917 1614 se
932 1553 1091 1614 demeretur
1117 1604 1122 1615 .

91 1640 236 1715 simulans,
257 1657 370 1699 murum
384 1657 450 1699 cum
463 1638 541 1699 scala
558 1638 693 1713 ascendit,
715 1638 848 1699 deorsum
865 1657 897 1699 se
918 1635 1092 1716 praecipitarit,

91 1730 224 1787 iuvenem
266 1726 456 1802 amplexatur,
498 1726 536 1784 ad
571 1728 801 1785 commixtionem
838 1727 919 1786 illum
960 1725 1092 1805 sollicitudo

90 1814 152 1874 Nec
172 1818 214 1874 sic
235 1814 363 1889 profecit.
405 1813 471 1872 Hoc
493 1814 606 1889 cognito
628 1812 752 1888 iudices,
776 1813 957 1874 extrahentes
984 1816 1092 1872 monen-

91 1908 165 1976 tem,
200 1907 338 1976 tanquam
370 1900 532 1959 maleficum
565 1906 594 1958 et
627 1917 744 1976 magum
754 1895 770 1979 ¹)
799 1902 938 1960 miserrmt
962 1903 992 1960 in
1014 1901 1092 1974 ignem

91 1988 148 2064 Qui
169 2005 235 2047 cum
256 1987 375 2061 arderet,
400 1990 440 2046 ita
461 1993 494 2044 ut
514 1987 678 2062 patentibus
700 1989 785 2046 costis
806 1987 905 2063 pulmo
927 1981 987 2048 eius
1006 1983 1092 2046 videre·

90 2081 152 2148 tur,
181 2074 380 2133 salutationem
407 2073 582 2150 angelicam,
609 2073 720 2148 idest,
747 2075 810 2132 Ave
831 2075 934 2133 Maria
964 2081 991 2135 et
1011 2077 1095 2136 ceant

90 2164 199 2220 cunctis
223 2161 403 2220 audientibus
426 2160 595 2219 decantavit.
638 2159 708 2219 Mox
729 2178 804 2219 uuus
827 2160 862 2220 de
870 2158 891 2240 ²)
915 2152 1095 2221 circumstanti

89 2249 157 2322 bus,
185 2247 309 2307 mulieris
338 2255 492 2324 cognatus,
520 2249 648 2305 titionem
670 2248 817 2306 ardentem
845 2250 996 2323 arripiens,
1022 2246 1096 2320 orique

90 2336 150 2394 eius
178 2337 332 2393 immittens
340 2331 376 2414 ³),
408 2336 462 2393 ait:
492 2333 554 2410 Ego
577 2334 702 2393 auferam
731 2334 782 2393 tibi
804 2337 948 2394 orationes
977 2338 1053 2408 istas,
1078 2331 1098 2386 ti

90 2422 241 2481 suffocavit
263 2438 337 2479 eum.
381 2419 455 2496 Quid
477 2419 581 2496 plura?
615 2420 747 2479 Mortuus
769 2428 820 2494 est,
842 2428 871 2480 ct
891 2424 1030 2498 incampo
1050 2429 1099 2478 ossa

89 2505 179 2588 eiust)
192 2509 313 2583 sepulta.
354 2507 403 2566 Ad
418 2510 497 2567 cuius
512 2508 640 2566 tumbam
659 2510 773 2583 saepius
794 2509 857 2566 visa
879 2515 945 2566 sunt
966 2505 1100 2574 luminario,

90 2602 119 2655 et
133 2596 245 2654 diversa
259 2597 426 2670 contingunt
439 2595 583 2653 miracula.
605 2595 706 2653 Territi
719 2611 788 2653 vero
805 2602 939 2669 parentes
959 2593 1102 2671 praedictae

88 2682 249 2755 adulterae,
280 2699 375 2740 coram
404 2684 545 2740 canonicis
572 2683 663 2740 sancti
691 2681 816 2740 Patrocli
840 2698 872 2740 se
893 2684 1103 2758 prostraverunt,

87 2772 201 2828 veniam
221 2769 406 2844 postulantes,
428 2775 457 2828 et
480 2784 532 2844 pro
554 2785 624 2834 nece
644 2769 711 2826 iusti
737 2770 942 2843 poenitentiam
963 2770 1104 2843 suscipien-

88 2862 132 2914 tes
142 2853 170 2935 ⁵).
214 2856 307 2930 Super
319 2858 399 2914 cuius
420 2854 561 2913 tumulum
584 2856 704 2914 ecclesia
724 2855 862 2914 fabricata
884 2862 935 2914 est.
978 2855 1105 2914 Juveuen

88 2941 163 3001 hunc
177 2942 288 3001 luxuria
302 2959 353 3016 per
364 2943 506 3015 seminam,
527 2948 560 2999 ut
582 2941 697 3000 coluber
713 2943 742 2998 in
764 2944 819 3015 ria,
840 2942 870 2999 id
893 2949 944 3016 est,
966 2941 1107 3011 mardfeste,

87 3025 256 3106 pervasit⁶),
285 3046 387 3103 corpus
407 3031 466 3087 eius
483 3030 662 3103 incineravit,
691 3029 813 3088 sednon
835 3031 987 3104 superavit.
1030 3026 1108 3087 Alteri

87 3116 200 3174 cuidam
220 3115 296 3174 tacta
318 3122 361 3174 est
383 3121 505 3175 cerastes
526 3117 555 3173 in
577 3117 686 3190 semite,
708 3114 763 3175 hoc
784 3114 880 3173 modo.

105 3404 135 3473 ¹)
152 3402 194 3512 ¹3⁰
204 3404 1110 3542 dsttt‘dtll⁰53¹ti0²lnltttmil,lttlt”tlt

152 3542 238 3595 Gelon.
264 3543 296 3594 ad
319 3543 369 3594 vir.
393 3544 418 3596 S.
442 3544 548 3612 Engelb.
573 3561 599 3611 p.
617 3545 658 3597 75.
679 3575 709 3583 -
740 3545 771 3612 6)
789 3544 831 3596 Bo
854 3545 987 3597 invasit.
1023 3543 1072 3594 Vit.
1089 3542 1110 3595 S.

150 3612 254 3664 Malach.
273 3614 314 3664 20.
334 3629 358 3680 p.
377 3614 442 3664 542:
462 3613 523 3678 „sed
540 3613 650 3665 noudum
669 3623 813 3665 exsaturata
830 3616 941 3680 nequitia
958 3615 1022 3674 eius,
1038 3614 1111 3664 mise·

150 3699 203 3734 rum
221 3681 348 3734 invadit
365 3682 549 3747 mulierculam,
576 3700 640 3752 quae
658 3685 724 3735 forte
742 3700 821 3752 prope
839 3686 976 3735 assisteret.
1010 3682 1044 3735 Et
1062 3683 1112 3734 lle·

125 3754 128 3759 ’
150 3753 256 3804 lachias:
280 3753 336 3804 Non
360 3752 392 3803 ad
410 3752 473 3818 hoc,
489 3755 584 3822 inquit,
602 3754 647 3806 tibi
669 3754 736 3806 illam
754 3755 811 3820 tuli,
827 3762 856 3805 ut
873 3753 938 3806 hanc
955 3751 1111 3821 pervade-

141 3839 210 3890 res,
229 3824 271 3876 exi
289 3831 315 3876 et
334 3822 366 3876 ab
384 3824 440 3876 ea.“
