2438 4170
348 214 349 218 ¹
405 229 460 293 DE
482 229 767 292 CONVERSIONE.
1060 236 1098 294 19

66 354 203 430 obdunt,
224 353 292 413 nolo
315 357 391 414 enim
410 356 527 413 nomina
546 361 608 414 tam
627 354 712 413 huius
734 370 822 430 quam
835 353 990 430 supradicti
1004 356 1100 430 crpri-

54 458 160 516 ποτε,
192 458 310 518 sperans
331 440 427 515 adhue
448 459 497 502 eos
509 438 525 520 ¹)
546 458 725 516 reversuros,
751 459 789 501 ne
817 441 889 501 forta
912 458 947 499 ex
967 441 1024 502 hoc
1044 460 1100 517 pa-

66 531 172 590 tianuu
179 525 201 608 ²)
224 528 432 589 confusionem.
467 528 574 588 Factus
595 531 692 604 itaque
713 530 850 604 novicius,
871 531 921 587 vir
941 530 1031 588 tribus
1052 529 1101 589 vel

66 619 194 693 quinque
216 615 317 675 diebus
339 615 458 691 elapsis,
488 623 634 676 venerunt·
649 618 733 675 amici
756 619 816 676 eius
839 614 982 691 dolentes,
1012 621 1041 676 et
1068 622 1101 676 ut

65 709 255 765 reverteretur
275 702 313 763 ad
334 703 488 777 sacculum,
507 703 635 778 plurimis
647 699 667 782 ⁸)
690 704 784 762 verbis
806 702 996 762 exhortantes.
1037 703 1101 763 No-

66 796 169 851 verunt
190 808 256 850 eum
278 790 422 865 quandam
443 786 584 850 summam
596 792 735 866 pecuniae
748 790 913 865 perdidisse,
934 793 1100 865 nescioquo

66 877 146 953 ludo,
166 883 197 937 et
216 879 308 954 magis
330 895 366 937 or
387 877 485 936 dolore
507 895 594 952 quam
608 876 759 955 devotione
771 895 949 937 conversum.
983 878 1102 937 Etcum

65 981 126 1025 non
145 964 331 1040 proficerent,
359 970 509 1025 suaserunt
537 971 570 1023 ut
591 963 689 1024 debita
708 961 927 1044 persolveretll,
956 970 985 1022 et
1006 967 1102 1025 statim

65 1051 180 1114 rediret.
223 1051 328 1127 Sisque
349 1069 407 1110 non
427 1053 466 1126 vi,
487 1051 538 1111 sed
560 1051 626 1112 dolo
648 1053 686 1111 ab
704 1054 803 1112 amicis
815 1057 967 1125 extruetur,
987 1069 1046 1111 non
1059 1058 1103 1111 est

66 1156 209 1199 reversus.
251 1138 289 1197 Et
310 1157 376 1198 cum
397 1139 533 1198 sollemne
555 1139 780 1199 votumlecisset
792 1141 864 1198 inter
877 1156 979 1197 manus
997 1139 1102 1198 domini

65 1225 209 1299 Abbatis,
238 1231 266 1284 et
293 1232 408 1302 propter
424 1225 484 1286 hoc
507 1243 603 1285 coram
626 1225 708 1285 Clero
731 1228 768 1286 ab
790 1223 854 1306 eo⁶)
876 1232 983 1284 tractus
1003 1226 1103 1286 fuhset

66 1315 96 1372 in
119 1330 253 1387 causam,
281 1330 332 1388 per
352 1312 448 1372 literas
469 1312 556 1389 legati
579 1319 607 1373 et
628 1309 718 1394 aliis⁶)
740 1313 848 1387 modis,
871 1314 974 1389 quibus
995 1315 1102 1389 potuit,

66 1416 99 1460 se
122 1399 262 1474 defendit,
295 1416 425 1459 asserens
452 1417 485 1459 se
514 1417 683 1460 conversum
711 1419 747 1460 ex
779 1400 905 1476 quadam
935 1400 1052 1460 levitate
1074 1405 1103 1459 et

66 1488 230 1557 turbatione
251 1488 345 1546 animi.
389 1487 474 1563 Quod
496 1489 520 1546 si
539 1505 641 1546 verum
661 1505 720 1546 non
742 1484 853 1567 esset²),
875 1487 1037 1563 exemplum
1048 1486 1102 1547 do-

66 1576 138 1633 mini
157 1573 276 1633 Henrici
295 1572 419 1633 Abbatis
447 1571 563 1654 nostri⁰)
591 1576 718 1634 imitatus
746 1575 852 1635 fuisset
895 1573 1102 1635 NOVICIUS:

67 1660 134 1721 Hoc
157 1660 226 1736 quid
246 1663 291 1735 sit,
312 1660 410 1720 audire
432 1660 563 1720 delectat.

402 1850 635 1913 cremonen
655 1847 782 1935 xmo)
846 1810 848 1814 ’

200 2004 202 2009 ·
319 1975 367 2035 Dc
388 1978 576 2036 convertimur
595 1975 717 2034 Heraia·
736 1973 867 2034 Abbatio.

132 2109 368 2173 Monachus:
397 2112 431 2172 In
454 2113 574 2173 eocle'sia
595 2114 741 2173 Bonnensi
760 2113 837 2173 idem
858 2109 1030 2193 Henricus⁹)
1053 2129 1104 2172 co-

69 2199 274 2274 nonicusfuit,
306 2199 403 2275 plures
424 2200 534 2261 habens
555 2200 691 2261 redditus.
733 2201 893 2278 Inspirante
914 2201 1040 2260 Domino
1059 2195 1104 2278 ¹⁰),

68 2284 155 2345 fallu
196 2286 342 2349 saeculum
376 2288 487 2348 occulte
511 2284 540 2368 ¹¹)
577 2287 714 2364 deseruit,
758 2295 786 2349 et
822 2286 961 2348 desiderio
998 2286 1105 2347 ordinis

70 2371 264 2433 cisterciensis
285 2391 423 2434 accensus
445 2374 483 2435 ad
504 2375 621 2434 domum
641 2382 768 2435 nostram
795 2378 987 2436 conversionis
1014 2377 1107 2451 gratia

69 2463 156 2520 venit
201 2459 274 2519 Cum
296 2461 391 2522 adhuc
412 2467 488 2522 esset
507 2464 537 2521 iu
557 2463 689 2540 hospitio,
712 2462 768 2522 duo
790 2463 892 2522 milites
913 2463 1014 2522 fratres
1035 2464 1105 2537 eius,

69 2547 167 2624 fugam
190 2550 250 2606 eius
270 2548 468 2625 intelligentes,
491 2556 519 2609 et
539 2552 613 2609 sicut
633 2550 763 2609 homines
785 2550 955 2624 saeculares,
981 2548 1106 2609 carnalia

69 2633 263 2711 spiritualibus
285 2643 314 2694 et
335 2637 501 2711 temporalia
522 2639 644 2697 aeternis
656 2643 872 2713 praeponentes,
892 2636 1105 2713 undegaudere

70 2721 230 2782 debuerant
248 2718 290 2802 ¹²),
323 2724 430 2782 turbati
457 2731 531 2784 sunt.
581 2724 619 2782 Et
646 2727 756 2784 concito
791 2740 875 2784 cursu
887 2720 915 2803 1³)
942 2725 1105 2800 venientes,

69 2811 278 2885 praemiserunt
297 2827 426 2886 puerum,
448 2813 497 2886 qui
519 2813 545 2870 ei
566 2813 649 2886 quasi
670 2829 705 2871 ex
726 2818 807 2888 parte
823 2813 921 2869 matris
934 2810 1106 2888 loqueretur,

68 2901 101 2954 ut
122 2896 174 2956 tali
197 2898 346 2956 occasione
368 2915 387 2957 a
408 2903 551 2958 conventu
572 2898 792 2959 abstraheretur.
835 2899 929 2975 Quem
951 2900 1059 2958 cumin
1075 2894 1105 2978 ¹⁴)

67 2982 166 3043 locum
187 2983 352 3043 insidiarum
372 2983 449 3043 idem
470 3002 541 3061 puer
563 2985 697 3061 duxisset,
725 2993 905 3065 accurrentes
926 2984 1044 3061 milites,
1076 2987 1106 3045 vi

68 3087 145 3147 equo
163 3067 193 3150 ¹⁵)
215 3073 359 3147 iniectum,
380 3071 524 3132 nolentem
546 3079 576 3131 et
595 3072 789 3148 reluctantem,
812 3091 878 3133 cum
900 3072 997 3132 dolore
1018 3075 1105 3132 totius

70 3164 242 3232 conventus,
264 3157 451 3219 reduxerrmt:
472 3159 600 3220 nondum
621 3162 696 3221 enim
717 3161 848 3220 habitum
868 3161 1007 3220 induerat.
1049 3161 1106 3221 Per

87 3326 119 3394 1)
137 3324 159 3378 0
176 3341 232 3377 eos
258 3325 369 3378 adhuc.
389 3357 420 3366 -
438 3328 471 3396 2)
488 3327 508 3380 G
525 3329 698 3394 patiantur
721 3344 758 3380 ex
781 3329 848 3380 hoc.
867 3358 899 3367 -
918 3329 950 3396 3)
968 3328 987 3379 Ρ
1005 3328 1105 3395 pluri-

140 3411 233 3458 mum3
250 3411 308 3447 mox
324 3396 347 3449 D
365 3397 580 3449 exhortantes
609 3398 725 3450 vorbis.
744 3428 776 3437 —
800 3398 833 3465 4)
852 3397 892 3449 DP
910 3397 1022 3450 debita
1050 3415 1105 3452 suu

140 3466 302 3530 solveret3
327 3467 499 3520 rnoxciam
525 3484 572 3534 pro
591 3470 708 3520 atatim.
728 3498 759 3508 -
788 3469 819 3536 5)
838 3467 875 3518 ab
902 3483 939 3519 eo
967 3484 1007 3520 orn
1025 3467 1053 3520 G.
1072 3499 1104 3509 ·-

140 3534 158 3586 6
191 3533 451 3604 martisque-
479 3538 691 3606 7)Gfuisset.
711 3569 742 3577 -
771 3537 803 3604 8)
822 3541 926 3589 nostri
945 3553 986 3590 orn
1003 3537 1053 3590 BG.
1072 3569 1104 3578 -
1184 3556 1187 3561 ·

140 3605 159 3641 ¹⁸
190 3603 280 3656 llomil.
303 3605 322 3658 l
347 3622 371 3673 p.
390 3607 432 3658 90.
452 3635 482 3646 -
511 3607 543 3674 9)
569 3607 650 3660 idern
676 3609 835 3660 llenricus
862 3622 904 3658 orn
927 3608 977 3660 BG.
996 3637 1028 3647 -
1056 3608 1105 3675 10)

141 3672 204 3726 bor
221 3674 293 3727 lloo.
313 3705 344 3715 -
373 3675 421 3743 11)
444 3676 576 3729 occulte
598 3693 639 3730 orn
657 3677 684 3730 G.
705 3708 735 3718 —
756 3677 804 3746 12)
821 3678 843 3730 l)
861 3676 1052 3730 debuerunt.
1072 3707 1104 3717 -

145 3742 193 3810 13)
209 3743 249 3795 bl>
266 3744 375 3814 gradu.
396 3774 426 3785 -
447 3747 495 3814 14)
513 3746 533 3799 (l
551 3746 594 3798 ad.
614 3778 646 3787 -
667 3747 714 3812 15)
732 3763 778 3815 pro
796 3749 826 3799 vi
853 3762 934 3817 equo
951 3747 1047 3802 habeut
1063 3746 1106 3800 (to

146 3811 177 3864 iu
194 3828 286 3882 equo,
302 3815 323 3869 B
339 3816 374 3867 in
390 3831 515 3885 equum3
533 3817 600 3872 conf.
616 3816 659 3885 lV,
677 3818 721 3873 92.
738 3817 858 3886 1111111.
