2438 4170
423 243 479 303 DE
495 241 785 305 SIMPLICITATE.
899 192 906 200 ¹
1065 240 1128 300 383

51 362 53 367 ’
90 366 197 428 edocta
217 365 324 440 fuerat,
347 364 482 427 dilectum
501 368 656 438 invocans,
679 383 774 443 quem
795 362 937 439 quaesivit
956 363 1079 437 invenit,
1102 368 1131 422 et

88 454 171 530 quod
187 452 350 531 perdiderat
370 455 486 528 recepit.
528 452 621 528 Saepe
637 453 717 512 Deus
738 453 860 528 gratiam
881 467 964 509 suam
979 449 1131 524 subtrahit,

88 548 125 600 ut
164 541 275 601 avidius
315 546 482 615 quaeratur,
522 545 550 598 et
581 542 702 599 inventa
742 538 902 615 diligentius
947 536 1130 618 custodiatur.

88 629 165 687 Post
178 645 268 686 annos
280 627 389 702 aliquot
411 645 476 686 cum
497 626 572 685 idem
582 625 731 685 Johanries
754 642 818 684 cam
838 627 941 682 iterum
962 625 1092 682 visitaret
1104 619 1130 703 ¹),

90 721 122 774 et
144 713 181 774 de
202 721 279 774 statu
301 717 361 773 eius
383 715 550 788 inquireret,
571 712 620 772 illa
632 711 653 790 ²)
674 713 800 771 hilariter
820 710 982 787 respondit:
1007 708 1129 785 Optime.

91 801 210 861 Gratias
238 802 322 860 vobis
350 818 421 876 ago,
451 803 519 876 quia
547 802 621 858 sicut
648 818 694 859 me
724 800 875 872 docuistis,
904 800 945 857 ita
973 798 1132 856 Dominum

90 905 192 959 meum
212 889 316 964 inueni.
360 888 416 962 Qui
439 905 505 946 cum
525 887 647 946 verbum
668 904 725 945 non
747 885 931 961 intelligeret,
954 890 983 943 et
1003 883 1060 957 illa,
1082 879 1131 943 se·

92 975 221 1035 cundum
239 975 315 1050 quod
328 974 506 1049 praedictum
522 980 573 1046 cst,
595 973 633 1031 ad
650 975 817 1031 memoriam
839 975 864 1030 ei
886 978 989 1030 cuncta
1007 988 1129 1030 revoca-

92 1051 286 1136 ret'subrisit,
307 1059 451 1120 Christum
464 1059 635 1136 glorificans,
657 1061 706 1135 qui
725 1059 901 1134 simplicibus
920 1075 952 1117 se
966 1058 1131 1118 conformat.

400 1250 633 1311 cnrrruuum
658 1247 831 1330 ximus)
911 1228 914 1233 ’

118 1373 168 1434 Dc
188 1374 308 1449 simplici
330 1390 431 1432 sorore
451 1375 484 1431 in
506 1372 681 1445 Kummede,
704 1376 752 1431 cui
773 1376 805 1431 tn
827 1358 961 1431 oratione
984 1371 1116 1432 Christus

339 1461 496 1535 respondit,
519 1461 601 1535 quod
622 1467 693 1519 essct
713 1465 745 1518 in
765 1461 895 1518 soccellc.
964 1454 968 1471 ‘

162 1579 197 1637 In
219 1579 381 1639 Kummede
394 1577 414 1658 ³)
437 1584 608 1641 monasterio
631 1581 888 1640 sanctimonialium
909 1579 1016 1640 ordinis
1037 1581 1134 1661 nostri,

97 1665 219 1742 simplex
231 1665 373 1740 quaedam
393 1667 490 1742 puella
511 1674 572 1726 erat
581 1665 611 1747 l),
633 1667 756 1744 ligneam
770 1668 881 1727 habens
892 1668 1045 1742 imaginem
1066 1682 1134 1725 cru·

99 1753 184 1813 cifixi.
228 1751 323 1828 Quam
346 1771 411 1813 cum
428 1754 593 1835 ¹frequenter
614 1756 747 1814 adoraret
768 1760 798 1813 et
818 1753 1045 1826 deoscularetur,
1067 1768 1134 1811 sac-

101 1838 175 1900 cello
202 1841 366 1915 impositam
394 1843 448 1899 sub
471 1843 631 1910 stramentis
651 1840 748 1899 lectuli
769 1843 813 1900 sui
834 1840 994 1900 abscondit
1038 1837 1135 1900 Oblita

101 1928 153 1986 ubi
172 1925 282 2006 illam⁵)
305 1930 455 2001 posuisset,
477 1945 575 1986 omnes
597 1927 717 2004 angulos
740 1930 902 1987 monasterii
923 1929 1010 1985 tristis
1032 1929 1135 1985 circui·

102 2010 186 2092 virs),
213 2016 362 2089 quaesivit,
383 2014 506 2073 sednon
526 2006 642 2073 inuenit.
685 2015 740 2073 Die
762 2015 887 2090 quadam
900 2020 967 2074 ante
988 2013 1136 2088 quoddam

102 2100 192 2160 altare
212 2107 363 2175 prostrata,
385 2119 451 2160 cum
472 2119 523 2176 pro
546 2102 672 2160 eiusdem
690 2104 819 2178 imaginis
835 2103 1011 2160 restitutione
1033 2108 1135 2175 oraret,

104 2186 306 2262 Christumque
329 2205 395 2246 curn
416 2188 511 2246 multis
531 2188 653 2247 lacrimis
671 2188 869 2265 interpellaret,
892 2189 1030 2248 desiderio
1051 2189 1135 2264 puel·

100 2273 177 2332 lula'e
199 2274 399 2333 condelectans
420 2274 477 2334 Dei
498 2275 571 2334 lilius
594 2275 753 2351 respondit:
783 2276 849 2336 Noli
869 2277 951 2350 llere,
973 2276 1046 2349 filia,
1068 2278 1136 2351 quia

101 2363 132 2418 in
160 2360 282 2420 saccello
311 2362 365 2420 sub
399 2365 533 2421 stramine
560 2362 655 2422 lectuli
687 2366 728 2421 tui
754 2366 845 2424 iaceo.
895 2364 1039 2423 Putabam
1067 2362 1136 2420 milri

102 2447 224 2507 relatum
245 2448 331 2508 luisse
352 2467 371 2508 a
392 2449 489 2508 Priore
517 2449 573 2508 loci
593 2451 682 2524 illius,
711 2451 789 2525 quod
815 2454 844 2508 in
870 2446 1010 2528 somnior)
1032 2467 1136 2508 vocem

102 2537 291 2609 percepisset,
317 2538 402 2599 sicuti
430 2539 560 2612 posuisse
581 2555 627 2595 mc
648 2537 743 2596 recolo
764 2540 795 2595 in
816 2537 956 2595 Homeliis
976 2536 1136 2596 Moralibus

103 2621 140 2680 dc
160 2621 284 2680 Infantia
297 2621 477 2696 ¹Salvatoris3
499 2622 551 2681 sed
573 2625 614 2681 sic
636 2640 699 2681 esse
720 2630 822 2698 postea
843 2625 981 2681 veraciter
1002 2621 1136 2681 intellexi.

102 2707 174 2768 Mox
195 2707 291 2781 puella
311 2724 439 2782 surgens,
461 2714 616 2766 stramenta
629 2726 682 2766 sua
703 2708 833 2782 revolvit,
856 2715 884 2767 et
905 2711 978 2767 sicut
999 2709 1136 2782 audierat,

102 2797 144 2853 sic
171 2795 287 2850 invenit.
329 2793 405 2851 Ecce
434 2793 490 2852 hoc
520 2801 564 2852 cst
592 2793 669 2868 quod
692 2794 799 2857 dictum
821 2800 864 2853 est
886 2797 1029 2871 superius,
1059 2794 1136 2870 quod

103 2878 276 2955 quandoque
289 2878 432 2937 Dominus
454 2898 536 2938 suam
550 2880 699 2939 subtrahat
712 2883 840 2958 gratiam,
861 2887 894 2938 ut
915 2876 1026 2941 avidius
1045 2899 1137 2957 quae·

102 2971 198 3038 ratur,
231 2971 259 3023 et
287 2965 449 3040 quaerendo
478 2966 600 3042 amplius
627 2975 777 3027 mereatur.
826 2967 1029 3029 NOVIOIUS:
1064 2968 1137 3028 Cum

102 3054 186 3112 Deus
205 3053 235 3108 in
257 3052 425 3127 simplicium
447 3056 574 3114 oratione
596 3061 706 3113 tantum
728 3055 891 3130 delectetur,
916 3062 986 3130 puto
1008 3056 1086 3131 quod
1107 3059 1136 3115 in

104 3145 260 3214 conspectu
279 3141 339 3197 eius
360 3140 445 3199 valde
458 3143 583 3216 pretiosa
605 3145 642 3200 sit
663 3160 738 3203 mors
750 3143 871 3202 illorum.
903 3141 1136 3203 MONACHUS:

102 3228 252 3287 Veraciter
264 3228 397 3302 pretiosa,
420 3230 487 3302 quia
508 3230 598 3288 virtus
614 3229 800 3304 simplicitatis
823 3231 908 3289 etiam
924 3233 1050 3308 martyrii
1071 3230 1137 3306 pal·

103 3333 180 3373 mam
202 3320 231 3372 ct
252 3313 454 3373 miraculorum
474 3314 594 3392 gloriam
615 3323 747 3376 meretur.
786 3317 853 3376 Tria
882 3316 918 3376 de
946 3317 1003 3378 hoc
1023 3319 1136 3377 subne-

105 3408 181 3461 ctam
205 3400 344 3476 exempla.

123 3533 153 3601 1)
172 3533 192 3585 (l
208 3536 326 3586 iterum
343 3537 502 3588 visitaret
519 3553 601 3601 earn,
618 3537 682 3590 Aur
699 3553 766 3590 carn
788 3540 953 3590 visitaret.
973 3568 1003 3579 -
1023 3539 1055 3604 2)
1073 3537 1093 3589 Β
1111 3546 1137 3588 et

174 3612 203 3653 ut
220 3603 320 3657 videtur
337 3621 367 3671 pr
385 3606 407 3657 Α
425 3606 483 3657 illi.
504 3633 533 3646 —-
559 3608 592 3675 *J
610 3607 699 3663 llcmil.
716 3608 735 3659 l.
753 3626 778 3676 p.
798 3609 856 3662 134.
875 3627 906 3648 -ὲ
933 3610 964 3677 3)
988 3607 1136 3659 coenobium

175 3672 310 3727 Kummede
324 3676 350 3725 in
364 3674 502 3728 Palatinutu
513 3677 596 3738 situm,
605 3678 748 3744 pertinebat
760 3677 792 3730 sd
804 3678 975 3742 Eberbacum;
988 3693 1053 3730 anno
1070 3677 1138 3730 1566
1175 3726 1178 3732 .

175 3740 284 3796 deletum
311 3753 358 3796 est.
384 3775 415 3785 -
439 3747 471 3813 t)
489 3746 553 3798 ADP
570 3748 640 3799 luit.
660 3777 692 3788 —
720 3748 790 3816 5)D
816 3748 922 3801 oblita
949 3763 1025 3800 vero
1050 3746 1138 3798 illam

175 3810 238 3862 nbi.
256 3841 289 3852 -
307 3814 339 3883 6)
356 3814 376 3870 B
394 3817 567 3869 circuiens.
588 3846 618 3858 -
638 3818 670 3886 7)
686 3817 728 3871 Ar
746 3834 865 3872 somno.
