2438 4170
132 228 195 289 aro
444 223 672 287 nrsvmcmo
694 223 848 303 aumas

132 357 166 409 ut
191 349 262 409 satis
293 346 342 407 ille
367 347 525 408 miraretm.
580 348 735 424 Nunquam
781 365 889 424 equum
916 363 999 407 sunm
1027 339 1134 415 maadi
1193 331 1215 391 Ψ

30 489 33 495 ,
132 453 280 512 uunquam
301 434 455 510 deseendit,
476 437 545 510 quin
554 433 603 494 itle
615 442 802 512 praeparatus
815 432 840 516 ')=
854 440 938 511 esset,
960 441 988 494 et
1003 430 1136 512 genuflexo
1197 416 1215 464 Ἃ

132 530 259 599 strepam
287 527 405 582 teneret
452 521 632 597 Discretum,
663 522 816 599 providum
848 529 879 581 et
908 521 1026 581 hilarem
1052 533 1141 595 semper
1210 540 1214 546 ·

132 627 165 670 se
193 609 331 669 exhibuit.
372 608 429 668 Die
458 608 584 683 quadam
606 626 673 668 cum
700 608 785 668 simul
806 611 982 685 equitarent,
1012 614 1042 669 et
1066 607 1146 666 vuis-
1195 606 1198 611 '

133 703 198 757 seut
228 695 271 756 ad-
295 695 402 754 flumen
433 694 579 770 quoddam
589 693 611 776 ²)
643 714 795 772 magnum,
828 696 911 755 miles
937 696 1101 772 respiciens,
1127 698 1151 753 et

134 784 231 860 plures
263 799 299 841 ex
325 784 445 842 inimicis
473 785 532 842 suis
559 783 728 842 mortalibus
754 789 822 858 post
848 800 881 842 se
909 785 1008 842 r'enire
1035 779 1155 842 couside-

37 862 40 867 ’
135 888 218 945 raus,
245 871 287 928 ait
314 885 413 928 servo:
443 868 551 928 Mortui
579 887 686 928 sumus.
724 869 812 929 -Ecce
832 870 938 928 inimici
959 871 1016 928 mei
1035 873 1102 945 post
1118 882 1159 926 me
1211 878 1214 883 '

134 957 277 1032 festinant,
297 956 401 1014 fluvius
422 973 458 1014 ox
480 958 612 1033 opposito
634 962 692 1030 est,
713 955 808 1015 nullus
832 961 965 1031 superest
990 955 1073 1015 locus
1091 952 1163 1015 miu-

135 1046 183 1121 gii.
225 1042 287 1102 Aut
308 1043 439 1102 occident
465 1060 527 1118 me,
554 1049 606 1101 aut
633 1045 755 1119 capient
796 1043 879 1102 Tunc
905 1043 969 1101 ille:
996 1042 1043 1102 Ne
1061 1043 1165 1115 timeas,

137 1131 265 1205 domiue,
294 1130 401 1189 vadum
427 1129 552 1188 fluminis
582 1129 667 1189 huius
694 1130 769 1189 bene
800 1132 882 1204 novi,
911 1146 1033 1204 sequere
1061 1134 1167 1188 marm

86 1238 95 1249 ·
135 1235 198 1293 me,
228 1217 303 1277 bene
331 1216 496 1277 evademus.
544 1215 748 1291 Respondente
776 1216 880 1290 milite,
908 1233 1059 1292 uunquam
1085 1215 1168 1274 homo

135 1306 254 1364 fluvium
275 1305 361 1363 istum
381 1307 411 1362 iu
432 1303 488 1379 hoc
509 1303 573 1363 loco
585 1300 607 1384 ³)
628 1303 832 1376 transvadavit,
853 1320 906 1378 spe
920 1309 1018 1362 tamen
1032 1302 1170 1362 evasionis

64 1402 67 1407 ’
136 1409 251 1451 servum
266 1390 368 1450 ducem
382 1397 497 1450 secutus
510 1393 571 1450 siue
584 1389 710 1466 periculo
720 1393 852 1466 pervenit
859 1386 882 1469 ⁴)
897 1389 935 1449 ad
949 1389 1027 1449 litus.
1054 1389 1093 1448 Et
1107 1403 1171 1448 eece

136 1481 177 1538 eis
198 1479 390 1553 transpositis,
418 1477 517 1536 hostes
538 1495 574 1537 ex
595 1479 726 1553 opposito
747 1477 832 1536 litore'
849 1479 1055 1552 consistentes,
1083 1475 1173 1534 mirati
1210 1486 1212 1491 ⁴

135 1564 202 1626 sumt
223 1564 363 1625 diceutes:
395 1563 466 1640 Quis
493 1581 620 1640 unquam
648 1563 758 1623 audivit
776 1563 884 1623 vadum
905 1565 935 1622 in
956 1563 1076 1623 flumine
1095 1559 1172 1622 isto?

136 1653 200 1712 Non
221 1652 294 1711 alius
314 1654 368 1711 nisi
389 1650 520 1710 diabolus
539 1651 620 1709 illum
640 1654 805 1710 transvexit.
840 1650 1047 1726 timentesque
1068 1650 1172 1710 reversi

52 1790 55 1796 .
136 1745 211 1799 sunt.
252 1739 394 1798 Processu
416 1755 485 1797 vero
506 1739 641 1812 temporis
663 1736 774 1813 accidit,
795 1743 828 1796 ut
848 1737 945 1796 militis
967 1733 1076 1817 uxor⁵)
1095 1735 1172 1795 iufir-

98 1863 101 1867 -
134 1831 260 1887 meretur
279 1843 373 1902 usque
400 1825 439 1884 ad
470 1831 600 1884 mortem.
641 1824 677 1882 Iu
705 1841 763 1900 qua
785 1823 853 1883 dum
875 1841 976 1884 omnes
997 1823 1172 1884 medicorum

135 1920 211 1973 artes
232 1913 414 1988 deiecissent,
442 1913 482 1970 ait
500 1913 603 1970 iterum
624 1910 747 1970 daemon
769 1910 884 1970 domino
906 1928 977 1970 suo:
1005 1910 1039 1971 Si
1062 1910 1173 1970 domina

134 2017 199 2060 mea
220 2002 403 2076 inungeretur
422 1998 497 2058 lacte
517 1998 639 2072 leonino,
660 2000 756 2057 statim
777 2000 943 2057 sanaretm)
973 1997 1098 2058 Dicente
1119 1997 1173 2056 mi-

133 2086 198 2162 lite,
227 2086 303 2145 unde
330 2086 484 2147 haberetur
508 2085 554 2144 lac
582 2083 659 2144 tale?
687 2085 833 2160 respondit
862 2084 923 2142 ille:
952 2083 1018 2161 Ego
1048 2084 1171 2144 afferam.

136 2173 192 2249 Qui
212 2173 330 2247 vadens,
352 2179 380 2232 et
399 2179 466 2249 post
485 2175 609 2247 spatium
630 2175 714 2230 unius
735 2172 824 2230 horae
845 2171 967 2246 rediens,
988 2189 1043 2230 vas
1056 2171 1171 2247 plenum

134 2277 233 2320 seeum
261 2260 362 2319 attulit.
380 2331 384 2345 ι
404 2259 434 2318 Α
456 2276 512 2335 quo
536 2277 600 2319 cum
621 2255 720 2318 fuisset
740 2265 892 2334 peruncta,
921 2276 990 2317 mox
1011 2259 1171 2330 meliorata,

134 2350 283 2423 pristinum
304 2349 483 2421 recrrperavit
504 2349 641 2422 vigorem.
685 2347 738 2405 Cui
760 2364 825 2404 oum
848 2345 954 2404 diceret
974 2345 1074 2420 miles,
1097 2343 1171 2402 uude

135 2435 259 2493 habuisti
280 2440 340 2491 tam
363 2436 418 2491 cito
431 2429 452 2512 ⁶)
474 2432 520 2492 lac
538 2432 637 2491 istud?
665 2432 824 2508 respondit:
846 2433 892 2491 De
917 2432 1065 2491 montibus
1092 2429 1171 2491 attuli

134 2520 268 2581 Arabiae.
308 2520 494 2579 Recedensa
515 2526 543 2578 te
565 2523 594 2576 in
611 2519 751 2578 Arabiam
767 2522 807 2578 ivi
816 2515 845 2598 ⁷),
866 2519 985 2577 leaenae
1006 2519 1171 2594 speluncam

134 2611 244 2682 intravi,
266 2607 376 2667 catulos
389 2609 482 2683 abegi,
505 2613 533 2666 et
557 2606 762 2681 ipsammulsi,
783 2609 880 2681 sicque
899 2623 1033 2664 reversus
1056 2623 1121 2664 sum
1135 2603 1171 2663 ad

133 2702 170 2754 te.
199 2695 338 2770 Stupente
359 2695 446 2753 milite
465 2693 501 2752 ad
524 2695 614 2752 verba
635 2697 698 2768 ista,
722 2700 750 2752 et
767 2693 885 2766 dicente,
908 2695 971 2768 quis
990 2709 1060 2768 ergo
1074 2708 1104 2751 es
1120 2690 1171 2749 tn?

133 2783 279 2857 respondit
299 2781 361 2839 ille:
384 2782 449 2840 Non
470 2781 627 2839 solliciteris
650 2780 684 2839 de
706 2781 777 2855 hoc,
800 2798 899 2838 servus
922 2782 998 2838 enim
1020 2786 1088 2838 tuus
1109 2782 1171 2837 sum

132 2886 195 2944 ogo.
237 2870 366 2927 Instante
387 2867 491 2942 milite,
523 2868 638 2926 andem
660 2869 806 2926 consessus
828 2873 872 2926 est
893 2866 1006 2925 dicens:
1040 2866 1171 2926 Daemon

132 2972 186 3032 ego
208 2974 284 3029 sum,
316 2972 390 3013 uuus
424 2972 459 3013 ex
486 2954 541 3013 illis
563 2956 611 3029 qui
632 2972 699 3013 cum
719 2955 850 3013 Lucifero
874 2954 1047 3012 ceciderunt.
1090 2953 1171 3011 Tunc

132 3045 224 3118 magis
245 3041 334 3099 milite
356 3048 497 3116 stupente,
519 3042 675 3100 subiunxit:
697 3041 728 3100 Si
749 3047 851 3099 natura
873 3039 1004 3098 diabolus
1028 3057 1076 3114 es,
1105 3037 1171 3115 quid

132 3135 175 3186 est
205 3128 282 3204 qnod
310 3134 369 3185 tam
395 3128 516 3187 fideliter
548 3129 636 3186 servis
664 3127 792 3186 homini?
843 3127 1004 3201 Respondit
1033 3126 1171 3186 daemon:

131 3215 240 3290 Magna
262 3220 305 3274 est
325 3215 394 3272 mihi
412 3216 567 3274 consolatio
591 3231 653 3273 esso
676 3233 741 3274 cum
762 3215 826 3272 filiis
848 3214 1005 3272 hominum.
1050 3212 1172 3273 Dicente

130 3303 232 3376 milite,
253 3319 311 3360 non
333 3303 426 3362 audeo
449 3300 484 3361 de
515 3309 609 3361 cetero
632 3305 674 3359 uti
695 3304 810 3361 servitio
832 3307 898 3375 tuo;
930 3303 1034 3360 iterum
1055 3301 1103 3359 ille
1125 3317 1172 3359 re·

129 3390 258 3465 spondit:
280 3389 345 3448 Hoc
367 3408 419 3464 pro
434 3396 511 3449 certo
526 3391 608 3463 scias,
632 3391 699 3463 quia
722 3391 745 3446 si
767 3407 813 3448 me
835 3390 969 3462 tenueris,
990 3404 1171 3463 uunquama

128 3494 175 3536 me
196 3477 243 3536 vel
263 3483 379 3552 propter
406 3494 453 3536 me
474 3475 582 3551 aliquid
609 3476 678 3534 mali
699 3473 783 3555 tibiss)
807 3476 927 3535 eveniet.
970 3474 1038 3533 Non
1060 3475 1171 3548 audeo,

147 3595 178 3661 1)
196 3594 237 3647 Bc
263 3601 409 3661 paratus.
437 3623 469 3632 -
498 3593 514 3643 2
541 3592 586 3645 Ab
609 3591 750 3644 fiuvium
775 3591 949 3660 quoddam,
976 3589 1016 3642 GP
1035 3590 1170 3644 fluvium

197 3663 362 3732 quendam.
394 3693 426 3702 —-
455 3663 486 3730 3)
514 3662 554 3714 BG
581 3662 641 3713 hoc
667 3665 698 3712 in
726 3661 806 3713 loco.
837 3692 867 3700 -
896 3661 928 3728 4)
955 3660 1044 3712 ABDP
1072 3664 1170 3713 veuit.

198 3764 230 3772 —
249 3734 280 3801 5)
298 3734 340 3788 BC
358 3748 436 3784 uxor
459 3731 584 3783 militis.
604 3762 636 3770 -
663 3733 694 3798 6)
714 3731 755 3785 BG
777 3741 838 3783 tam
863 3732 932 3783 cito
957 3729 1118 3783 habuisti.
1139 3759 1168 3770 -

196 3803 265 3873 7)B
282 3804 339 3858 tui.
360 3833 391 3845 -
410 3803 443 3874 8)
461 3800 685 3856 Betthtmatt.
