2460 4162
429 212 484 274 DE
507 210 784 275 concambiis.
1078 216 1118 276 59

80 336 198 397 illorum
220 338 331 410 dctus,
353 338 406 396 ait:
440 338 553 397 Vocate
566 334 582 417 ¹)
605 337 792 397 sacerdotem.
836 335 980 412 Quicum
999 345 1121 398 vocatus

81 422 212 495 adesset,
235 430 264 482 ct
285 440 382 482 coram
403 424 514 483 infirmo
536 424 662 499 sederet,
684 427 748 499 pius
769 424 926 498 Dominus,
949 427 998 499 qui
1018 431 1121 500 potens

81 518 129 571 est
149 511 261 570 auferre
283 528 332 570 cor
352 510 506 587 lapideum,
528 518 557 570 et
578 511 645 571 dare
668 508 901 590 corcameum2),
923 518 1032 570 tantam
1044 512 1121 570 cordi

81 600 146 657 eius
168 597 288 657 contulit
310 601 525 674 contritionem,
545 604 579 656 ut
600 614 686 673 saepe
695 594 716 677 ³)
739 598 946 656 contessionem
966 601 1120 674 inciperet,

81 691 112 744 et
142 691 258 760 propter
286 684 426 760 singrrltus
465 691 494 743 et
524 684 655 769 lacrimas
682 687 784 743 totiens
816 687 846 742 in
873 701 946 744 voce
980 685 1120 744 deiiceret.

80 769 215 831 Tandem
238 770 357 831 collecto
379 772 480 847 spiritu
499 775 529 829 in
545 771 707 830 huiusmodi
721 772 811 830 verba
824 774 966 847 prorupit:
988 773 1121 847 Domine,

80 860 204 935 peccari
225 876 312 935 super
333 876 449 917 arenam
470 861 564 932 maris,
585 858 744 917 monachus
764 858 805 916 fui
827 856 1069 938 Cisterciensisb,
1092 868 1121 918 et

80 949 111 1004 in
135 944 234 1004 ordine
256 944 390 1005 sacerdos
410 947 511 1005 facitu.
548 943 692 1020 Ordinem,
713 947 839 1021 peccatis
851 948 921 1003 meis
933 948 1119 1023 exigentibus

81 1032 211 1108 deserui3
244 1038 273 1091 et
300 1049 358 1090 nou
379 1033 449 1091 mihi
471 1033 581 1092 suffecit
603 1032 681 1108 quod
702 1035 878 1107 apostatari,
911 1032 961 1091 sed
984 1039 1012 1091 et
1032 1050 1120 1108 prac-

82 1120 208 1180 donibus
236 1136 283 1178 me
316 1121 464 1194 coniunxi,
497 1136 569 1194 quos
599 1136 696 1178 omnes
724 1122 753 1176 in
784 1119 949 1179 crudelitate
978 1123 1119 1195 superavi.

81 1207 196 1283 Quibus
216 1205 259 1263 illi'
277 1206 417 1265 tollebant
438 1208 634 1280 substantiam,
660 1223 713 1282 ego
736 1206 840 1265 abstuli
867 1209 964 1265 sitam.
1007 1207 1119 1266 Nemini

80 1293 222 1371 parcebat
243 1293 343 1352 oculus
364 1311 454 1352 meus.
498 1294 528 1352 Si
549 1293 589 1351 illi
609 1295 767 1368 parcebant
796 1293 967 1368 quandoque
993 1293 1120 1352 humana

82 1381 164 1440 ducti
183 1382 373 1455 miseratione,
395 1397 449 1456 ego
472 1380 564 1439 cordis
586 1382 642 1438 mci
662 1380 825 1454 impellente
836 1380 944 1438 malitia
953 1377 982 1459 ⁵),
1004 1383 1118 1452 nemini,

81 1474 225 1544 quantum
244 1468 274 1525 in
296 1485 342 1526 me
363 1467 423 1542 luit,
443 1484 561 1543 parcere
583 1468 671 1542 potui.
703 1466 861 1526 Multorum
882 1484 985 1526 uxores
1007 1474 1036 1526 ct
1046 1467 1118 1526 filias

80 1554 200 1629 violavi,
220 1553 357 1612 incendiis
380 1548 495 1633 etiem⁶)
508 1554 629 1629 plurim
650 1556 771 1612 vastavi.
813 1553 999 1612 Enumeravit
1020 1555 1119 1612 atalia

80 1641 329 1718 quamplurima,
359 1640 570 1716 quodammodo
599 1646 732 1698 naturam
760 1639 915 1698 humanam
945 1641 1119 1698 excedentia.

79 1727 204 1789 Talibus
225 1727 359 1787 sacerdos
381 1728 499 1803 auditis,
527 1733 710 1803 peccatorum
732 1729 792 1784 cius
806 1723 824 1804 ⁷)
848 1720 1014 1785 enormitate
1035 1729 1118 1785 terri-

79 1824 147 1889 tus,
168 1816 242 1873 sicut
263 1815 365 1874 stultus
386 1814 451 1889 suit,
472 1817 514 1874 ita
535 1822 564 1873 ct
585 1815 670 1872 stulto
691 1813 851 1889 respondit:
884 1813 978 1873 Maior
1000 1821 1050 1887 est,
1072 1817 1118 1871 in-

79 1898 186 1982 quit⁸),
207 1903 340 1977 iniquitas
350 1907 454 1977 vostra,
476 1920 562 1976 quam
575 1908 608 1959 ut
628 1903 744 1960 veniam
753 1903 927 1959 mereamini.
961 1901 1120 1976 Respondit

78 1989 146 2049 illc:
167 1987 300 2064 Domine,
321 1989 448 2047 literatus
470 2007 542 2048 sum.
572 1987 693 2064 Saepius
715 1987 812 2045 audivi
834 1993 862 2046 et
874 1987 939 2063 legi,
962 1991 1028 2063 quia
1040 1988 1120 2048 nulla

77 2078 120 2137 sit
142 2079 318 2153 comparatio
339 2075 481 2134 humanae
503 2076 627 2134 malitiae
649 2072 688 2133 ad
709 2074 834 2133 divinam
860 2074 1025 2134 bonitatem.
1069 2075 1120 2134 Ait

79 2165 163 2224 enim
182 2180 234 2240 per
253 2163 430 2239 Prophetam
450 2161 645 2221 Ezechielem:
664 2162 706 2220 Ire
727 2179 904 2236 quantaque
925 2163 1001 2220 liora
1012 2180 1125 2237 pecca,

79 2259 133 2311 tor·
155 2252 337 2326 imperauerit,
358 2251 460 2309 salvas
482 2253 544 2308 erit.
586 2248 676 2307 Item:
697 2249 777 2307 Nolo
798 2255 923 2306 morian
939 2253 1118 2324 peccatoris,

76 2338 136 2399 aad
155 2344 191 2397 ut
211 2343 403 2396 convertatur
424 2343 452 2396 ct
472 2340 555 2396 vivat
563 2332 595 2413 ⁹)
623 2336 706 2411 Rogo
728 2350 781 2394 vos
803 2337 887 2410 igitur
904 2331 932 2414 ¹⁰)
954 2338 1056 2394 intuitu
1072 2336 1117 2394 di·

78 2426 171 2485 vinae
197 2423 420 2498 misericordiae,
452 2429 485 2481 ut
506 2422 632 2498 aliquam
651 2422 721 2480 mihi
743 2422 896 2498 dignemini
916 2425 1119 2497 poenitentiam

76 2512 239 2589 iniungere.
281 2510 321 2569 Et
341 2509 489 2571 sacerdos:
518 2509 622 2569 Nescio
652 2508 720 2584 quid
741 2510 793 2567 tibi
814 2510 958 2585 iniungere
975 2506 1019 2587 ¹¹),
1052 2512 1120 2584 quia

76 2600 173 2659 horno
192 2597 321 2673 perditus
343 2615 381 2656 es.
413 2596 572 2673 Respondit
581 2596 755 2654 monachus:
776 2596 908 2669 Domine,
931 2613 965 2655 cx
987 2613 1043 2671 quo
1061 2614 1119 2654 non

74 2704 149 2748 sum
171 2684 273 2762 diguus
295 2702 313 2743 a
334 2685 416 2744 vobis
437 2685 562 2759 recipere
594 2684 797 2758 poenitentiam
814 2678 857 2760 ¹²),
888 2699 940 2758 ego
968 2683 1037 2739 milri
1064 2685 1119 2758 ipsi

74 2773 288 2853 poeniteutiam
309 2773 469 2847 iniungam3
502 2772 574 2846 eligo
598 2773 672 2828 enim
696 2769 752 2828 duo
774 2769 863 2827 millia
883 2786 1022 2828 annorum
1037 2765 1066 2848 ¹³)
1089 2772 1117 2828 in

72 2860 263 2939 purgatorio,
295 2866 328 2917 ut
349 2864 415 2934 post
434 2859 498 2917 illos
519 2854 741 2916 misericordiam
762 2857 905 2914 inveniam
928 2873 1023 2915 coram
1045 2856 1118 2915 Deo.

72 2949 200 3010 Pontus
221 2945 361 3021 siquidem
382 2945 474 3004 luerat
494 2947 567 3002 inter
590 2944 661 3001 duas
693 2941 799 3017 molas,
830 2945 961 3002 timorem
986 2943 1119 3003 videlicet

69 3035 251 3115 gehenae,
283 3038 313 3091 et
333 3049 414 3107 sporn
435 3031 551 3107 gloriae.
593 3029 796 3089 NOVICIUS:
819 3029 859 3089 Ut
880 3030 948 3105 quid
969 3037 1028 3088 tarn
1050 3049 1119 3105 pro-

69 3126 174 3185 lixum
194 3121 345 3178 tendinum
367 3117 471 3195 elegit?
503 3116 736 3177 MONACHUS:
759 3116 834 3192 Quia
856 3123 884 3175 et
895 3117 1119 3193 magnitudinem

71 3213 269 3291 peccatorum
289 3223 406 3266 suorum
429 3204 631 3280 consideravit,
663 3211 692 3263 et
719 3220 843 3279 poenam
864 3203 1049 3280 temporalem
1072 3222 1119 3263 re-

92 3374 397 3449 occiderit-
423 3374 742 3442 2)ttzechtt‚19.-
768 3371 842 3440 3)c
867 3374 1058 3441 saepius-
1087 3374 1119 3440 l)

147 3444 256 3501 nctus
279 3445 520 3498 cisterciensis
542 3444 685 3505 ordinis,
712 3443 730 3494 P
757 3459 821 3494 sum
848 3442 976 3494 ordinis
998 3442 1119 3495 Cister-

147 3516 330 3567 eleusia-
358 3513 950 3646 ⁵)0nequma‘-mquam-⁷)
975 3512 1119 3565 Gillias.

149 3584 362 3653 -8Jinquit
385 3600 426 3636 orn
444 3583 543 3636 Bc-
568 3583 682 3653 9)Ezec
727 3583 760 3635 33
794 3583 824 3633 11
912 3581 1118 3650 mergitur

147 3670 225 3719 vos,
246 3654 341 3709 l’vos
366 3670 503 3723 ergo-
472 3653 808 3737 -Ιι11)01111111181111,
830 3651 1041 3721 lliniungerc
1065 3652 1118 3702 de-

147 3724 250 3778 licam.
268 3752 301 3765 -
321 3724 664 3792 mamistenum
683 3721 1119 3790 recipere3paulopost01n-

146 3798 279 3867 iungam
295 3795 585 3863 poenitentirm-
556 3793 654 3862 -13)
671 3792 709 3846 GP
727 3791 776 3844 add
795 3807 876 3845 esse
