2438 4170
404 240 460 303 DE
483 240 759 303 CONTRITIONE.
1061 245 1100 304 at

63 340 70 361 ³
111 359 268 441 dibeodlnm,
290 365 344 424 sub
365 382 460 441 poena
482 366 797 438 excommunicationis,
822 365 896 439 patri
910 380 963 425 suo
978 383 1100 442 respon-

109 466 178 511 amm
193 470 271 529 super
292 454 421 513 obiectis.
463 453 551 512 Venit
571 451 738 526 Katherina,
760 452 814 510 sub
836 453 914 511 bone
934 459 1031 512 tamen
1049 472 1102 513 cu-

107 538 180 598 stodia
214 540 378 617 Allegatum
399 547 443 598 est
462 556 514 615 pro
536 537 666 613 Judaeo,
695 538 772 613 quod
797 539 870 597 infra
901 557 991 599 annos
1020 549 1103 617 rapta

105 625 183 701 luisset,
201 634 227 687 et
246 627 385 687 violenter
405 628 559 702 baptizata.
591 625 630 683 Et
652 626 783 684 dixerunt
803 625 920 701 quidam
941 628 1053 702 puellae
1070 625 1102 708 ¹):

104 710 235 789 baama,
257 715 366 774 dictum
386 720 430 772 est
450 714 541 787 nobis,
564 713 642 788 quod
662 713 784 771 libenter
805 712 910 772 redires
932 714 969 772 ad
991 722 1102 790 patrem

63 864 67 879 ,
102 804 167 876 um,
185 804 206 860 ai
219 802 426 877 permittereris.
455 800 614 875 Respondit
624 799 731 876 puella:
754 800 824 875 Quis
847 800 902 859 hoc
925 801 1013 860 dicit?
1041 803 1102 862 Re-

63 954 65 959 ,
102 888 245 963 spondeumt
264 889 317 946 illi:
349 887 437 946 Pater
457 894 532 946 tuus.
575 887 657 946 Tune
678 887 728 945 illa
749 886 827 946 clara
848 905 920 946 voce
950 888 1006 947 tale
1033 907 1102 965 prc-

63 1026 66 1045 ‚
101 973 145 1033 tulit
160 977 288 1041 verbum:
310 975 396 1033 Pater
418 992 498 1033 meus
519 981 595 1033 recte
617 978 752 1033 mentitus
775 982 819 1032 est
839 968 1103 1049 permediambar·

100 1060 148 1121 lam
164 1080 249 1121 suam
294 1061 422 1136 Cumque
444 1061 540 1120 adhuc
559 1064 678 1121 instaret
698 1060 856 1121 advocatus
877 1061 998 1136 Judaei,
1021 1081 1102 1122 com-

63 1160 66 1181 ²
100 1154 169 1208 nobs
189 1149 317 1208 dominus
339 1147 484 1207 Walterus
506 1147 607 1208 Abbas
622 1148 797 1222 Vilariensis,
819 1151 859 1207 ait
880 1149 933 1206 illi:
957 1150 1102 1226 Magister,

100 1251 136 1295 ros
150 1236 291 1312 loquimini
312 1242 410 1294 contra
420 1235 516 1293 Deum
539 1242 567 1293 ct
588 1243 687 1294 contra
708 1235 990 1295 honoremvestrum.
1020 1238 1103 1297 Scia-

100 1322 182 1397 bpro
201 1325 287 1397 cerlo,
310 1319 361 1401 si²)
385 1322 479 1381 adhuc
500 1338 592 1380 unum·
610 1324 731 1382 verbum
752 1322 864 1381 loeutus
886 1324 993 1382 fueritis
1005 1332 1104 1384 eontra

99 1408 204 1484 wluin,
225 1427 279 1487 ego
300 1409 438 1468 laborabo
461 1409 538 1483 apud
561 1409 707 1468 dominum
728 1410 857 1484 Papam,
881 1417 912 1468 ut
933 1419 1103 1487 perpetuum

99 1495 204 1555 urbisin
226 1499 356 1556 omnibus
379 1498 472 1555 causis
493 1499 622 1570 imponat
643 1497 794 1556 silentium.
838 1497 920 1556 Tunc
932 1498 979 1557 ille
993 1502 1103 1573 timeus,

99 1590 181 1642 eante
200 1583 346 1659 respondit
366 1582 490 1642 Abbati:
521 1583 646 1643 Domine
667 1583 783 1656 Abbas,
806 1583 874 1658 quid
896 1592 980 1643 nocet
1001 1588 1103 1661 vobis,
1191 1600 1195 1607 ·

100 1668 215 1743 dpotero
236 1673 387 1747 pecuniam
409 1677 577 1745 extorquere
599 1690 617 1729 a
639 1668 775 1730 Judaeo?
818 1670 881 1746 Ego
914 1672 983 1729 nihil
1002 1672 1103 1746 loquar

100 1754 157 1829 wod
180 1759 280 1818 obesse
308 1760 411 1833 poterit
446 1757 566 1832 puellae.
616 1758 672 1832 Qui
700 1773 767 1815 mox
796 1763 829 1815 ut
857 1757 991 1815 salarium
1020 1777 1104 1817 suum

99 1846 195 1920 aaut,
224 1845 294 1903 dixit
314 1844 442 1904 Judaeo:
475 1844 540 1903 Non
569 1844 663 1905 audeo
691 1843 727 1902 de
757 1851 850 1903 cetero
882 1844 961 1918 loqui
991 1845 1102 1905 dehac

101 1940 171 1989 busa.
209 1931 295 1990 Anno
317 1934 481 2006 praeterito,
512 1931 625 2005 quando
649 1931 779 1989 dominus
800 1930 888 1990 Wido
910 1931 1011 1991 Abbas
1034 1932 1104 1991 Cla-

100 2016 203 2076 mallis
229 2020 355 2076 visitavit
382 2020 411 2077 in
438 2019 613 2093 Episcopatu
644 2018 808 2092 Leodiensi,
839 2018 959 2077 eundem
981 2017 1103 2094 Episco-

99 2112 151 2171 Μ
171 2108 314 2178 convenit,
343 2106 452 2163 monuit
478 2111 507 2162 et
535 2108 661 2180 rogavit,
692 2112 831 2179 quatenus
859 2108 961 2163 intuitu
989 2107 1046 2166 Dei
1075 2116 1104 2166 et

99 2180 188 2250 fimens
207 2194 251 2252 aui
273 2198 397 2251 cessaret
419 2209 437 2249 a
458 2195 609 2251 vexatione
630 2193 743 2266 puellae
769 2195 826 2250 iarn
849 2191 961 2251 Christo
985 2193 1103 2253 dicatae.

101 2266 140 2331 bri
154 2276 306 2354 Episcopus
327 2278 490 2354 respondit:
512 2279 594 2338 Bone
616 2279 729 2339 domine
750 2278 868 2354 Abbas,
902 2281 970 2354 quid
992 2281 1029 2340 ad
1051 2300 1103 2340 vos

100 2354 218 2425 Causa
238 2365 315 2424 ista?
358 2365 517 2441 Respondit
536 2365 653 2425 Abbea:
676 2367 755 2426 Beue
777 2366 890 2441 adme,
913 2367 1018 2442 duplici
1040 2386 1075 2426 ex
1083 2364 1103 2447 3)

99 2456 172 2509 (tusa
210 2453 316 2526 Primo,
338 2456 406 2528 quia
426 2452 512 2512 homo
536 2453 711 2512 Christianus
733 2471 816 2528 sum,
838 2454 1015 2528 secundario,
1038 2457 1105 2529 quia

100 2526 177 2597 Carus
195 2539 250 2614 illa,
271 2542 301 2597 in
323 2557 380 2614 qua
403 2537 524 2620 degeat),
547 2540 583 2599 de
604 2540 679 2599 linea
702 2539 885 2598 Claraevallis
908 2548 958 2599 est.
1001 2543 1039 2600 Et
1050 2541 1104 2599 ad-

99 2613 159 2680 ieeit:
184 2625 313 2686 Puellam
335 2634 364 2686 et
386 2643 503 2686 causam
525 2629 584 2686 eius
607 2628 660 2686 sub
682 2630 857 2702 protectione
880 2628 986 2685 domini
1007 2629 1104 2703 Papae

99 2713 221 2787 annuo,
244 2720 273 2773 et
294 2731 380 2790 super
399 2714 494 2773 literas
516 2721 615 2773 eontm
635 2713 713 2772 illam
734 2732 752 2773 a
774 2715 857 2773 vobis
879 2714 961 2773 datas
984 2714 1105 2789 appello.

98 2784 214 2871 Tempore
234 2800 359 2876 Capituli
389 2801 544 2877 generalis,
580 2801 676 2859 literas
709 2819 727 2860 a
756 2800 869 2859 domino
897 2801 980 2876 Papa
1007 2809 1106 2861 eontra

98 2868 247 2963 llbeopum
266 2890 450 2963 impetratas,
472 2887 690 2963 perAbbatem
711 2894 840 2946 nostrum
861 2891 937 2945 misit
957 2888 1049 2946 Priori
1071 2888 1106 2946 de

97 2954 177 3046 Pirae,
195 2981 226 3034 ut
247 2977 272 3034 si
292 2976 364 3035 sorte
374 2975 534 3050 Episcopus
556 2975 651 3033 adlrue
673 2981 845 3033 conventum
866 2992 971 3034 vexare
992 2983 1107 3051 propter

96 3052 198 3119 budam
218 3068 377 3136 attentaret,
400 3062 506 3122 eisdem
528 3080 559 3120 se
567 3059 586 3141 ⁵)
601 3061 688 3120 literis
703 3062 874 3121 defenderet.
903 3061 1107 3122 NOVlCIUS:

95 3128 159 3200 ffilut
177 3148 260 3224 paulo
282 3156 349 3208 ante
370 3152 399 3207 in
421 3149 556 3224 Episcopi
578 3147 701 3223 Angliae
720 3148 889 3208 aedificatus
911 3167 975 3207 sum
996 3152 1107 3208 miseri-

94 3224 181 3307 widin,
200 3239 240 3294 ita
260 3239 289 3294 in
310 3235 395 3295 huius
404 3237 540 3312 Episcopi
562 3233 771 3295 scandalizatus
793 3254 857 3294 sum
871 3239 998 3295 avaritia.
1030 3235 1107 3295 MO-

91 3296 246 3397 NAOHUS:
278 3323 451 3382 Defensores
473 3326 533 3383 eiua
556 3323 654 3381 dicunt
676 3339 741 3381 eum
770 3334 828 3382 n'on
850 3341 912 3382 esse
934 3326 1110 3399 pertinacem

90 3396 182 3491 ¹¹¹·hoc
201 3412 316 3484 negotio
345 3427 441 3469 amore
469 3413 625 3485 pecuniae,
652 3409 704 3468 sed
732 3410 794 3469 zelo
823 3412 954 3469 iustitiae.
1000 3410 1110 3486 Quibus

88 3485 190 3552 mfflime
212 3496 347 3571 creditur,
378 3499 444 3572 quia
465 3500 487 3555 si
511 3500 666 3573 agitaretur
688 3497 809 3556 stimulis
830 3500 969 3571 iustitiae,
998 3515 1110 3572 nequa-

102 3658 129 3728 Ι)
147 3673 166 3725 Ρ
182 3680 244 3746 ipsi
268 3681 404 3748 puellae.
426 3711 454 3720 —
474 3683 506 3750 2)
525 3681 544 3733 Β
563 3680 649 3749 quod
673 3684 707 3734 si.
727 3713 759 3723 -
779 3684 811 3750 3)
828 3682 867 3735 GP
886 3682 938 3746 de;
962 3652 1112 3750 paulopost

146 3746 209 3802 acb
227 3751 318 3803 bomo
336 3769 402 3802 sum
421 3750 724 3818 christiam-d)
741 3753 763 3804 Β
780 3753 884 3821 degit3
903 3752 977 3820 paulo
996 3762 1055 3820 post
1073 3751 1113 3804 Bc

149 3827 199 3870 est
217 3820 438 3873 claraevallis.
459 3851 487 3861 -
509 3822 541 3890 5)
559 3837 597 3873 se
615 3836 656 3874 om
676 3822 724 3876 ΒΡ.

843 3903 866 3976 5

1150 1652 1159 1691 i
