2460 4162
417 225 473 287 nn
500 223 773 315 omnoumus.
1054 229 1114 288 311

395 400 629 464 CAPITULUM
649 400 797 464 XXVIII.

108 523 158 583 De
177 521 326 583 Ausone
345 540 496 598 maome,
521 527 574 601 qui
595 523 747 584 diabolum
768 523 895 582 videndo
916 522 1084 599 infirmatus

209 612 212 619 '
261 617 310 683 est,
333 618 361 671 et
382 629 461 688 quus
481 615 519 671 eit
539 615 619 671 ratio
641 611 770 671 cium
792 609 930 686 defectus.

141 749 250 811 Albero
265 766 422 811 conversus
442 756 539 811 noster
561 768 627 812 cum
641 752 771 812 novicius
789 757 872 824 esset,
895 757 924 810 et
944 756 1029 810 nocte
1043 766 1118 827 qua-

74 836 145 897 dum
165 854 233 897 cum
260 837 316 897 ulio
346 854 486 897 converso
507 844 624 914 propter
645 840 761 899 timores
782 844 936 898 nocturnos
949 833 965 918 ¹)
987 838 1017 895 in
1039 838 1119 898 curia

75 922 225 1001 vtgiluret,
257 931 325 985 aute
346 927 429 1001 signa
452 924 631 1007 matutinalia
658 926 808 1005 ambitum.
827 924 942 985 claustri
971 925 1119 999 circuiens,

73 1012 160 1087 quasi
186 1011 319 1071 umbram
347 1011 504 1072 humanam
533 1014 644 1071 eminus
663 1014 744 1073 iuxta
764 1011 938 1073 lavatorium
959 1012 1117 1086 conspexit.

75 1096 243 1158 Aestimans
265 1100 332 1175 quia
344 1098 430 1158 trater
443 1099 613 1159 Fredcricus
629 1105 705 1159 esset
716 1098 874 1158 monachus
889 1103 994 1172 noster,
1015 1113 1119 1158 acces·

74 1185 117 1245 sit
135 1186 262 1262 propius,
282 1184 383 1244 volens
405 1186 432 1244 ei
444 1187 570 1260 innuere,
590 1191 623 1244 ut
643 1187 697 1245 iret
709 1184 870 1244 dormitum.
912 1184 951 1243 Et
973 1186 1040 1260 quia
1061 1199 1117 1242 no-

75 1277 161 1331 verat
188 1287 254 1331 cum
282 1288 341 1331 uon
369 1289 432 1331 esse
460 1290 549 1334 sanae
570 1274 689 1348 mentis,
717 1273 821 1349 pedem
842 1273 975 1347 retraxit,
1008 1269 1118 1331 abillo

74 1356 155 1418 ΜΗ
174 1359 286 1417 timens.
327 1358 408 1417 Dum
428 1360 470 1418 sic
483 1365 581 1435 staret,
601 1360 706 1419 umbra
725 1361 755 1418 in
777 1358 867 1419 oeulis
890 1361 951 1418 eius
966 1375 1067 1434 usquc·
1080 1355 1120 1417 ad

74 1444 240 1505 tabulatum
262 1444 364 1504 domus
386 1448 483 1505 crevit.
525 1445 597 1504 Mox
612 1448 701 1523 signis
714 1446 883 1506 sonantibus
903 1449 932 1504 in
946 1444 1119 1520 dormitorio,

74 1532 228 1608 piaminum
241 1533 366 1607 munde,
388 1539 417 1592 et
430 1535 498 1608 quie
511 1533 640 1593 clibanus
655 1533 810 1609 coquendis
826 1534 950 1608 panibus
962 1548 1119 1608 praepara·

77 1625 128 1679 tus
140 1626 211 1695 erat,
224 1635 293 1678 mox
307 1625 340 1677 ut
352 1621 456 1697 ignem,
470 1637 556 1696 quern
572 1623 653 1695 quasi
669 1636 722 1697 per
734 1623 871 1696 parietem
884 1621 1007 1678 vitreum
1017 1619 1120 1677 intueri

76 1704 135 1765 sibi
142 1701 164 1785 ²)
185 1707 266 1765 visum
278 1710 331 1780 est,
351 1708 472 1782 aspexit,
492 1706 627 1766 infirmari
643 1709 747 1782 coepit
775 1706 879 1766 Statim
893 1707 998 1780 exiens,
1020 1711 1049 1764 et
1062 1704 1117 1764 sub

77 1790 183 1853 ubere
204 1809 236 1853 se
248 1791 397 1869 reclinans,
418 1810 492 1869 pene
515 1801 580 1853 octo
594 1793 694 1854 diebus
716 1795 753 1853 ab
768 1792 818 1852 illa
831 1792 903 1852 hora
923 1795 952 1851 in
970 1797 1051 1851 tanta
1065 1790 1118 1852 de·

78 1878 204 1939 tectione
224 1878 277 1938 iuuit
298 1879 391 1939 cordis
414 1886 442 1939 et
464 1883 599 1957 corporis,
620 1887 653 1940 ut
673 1898 732 1940 non
752 1886 850 1956 posset
869 1877 1044 1939 manducare
1065 1895 1119 1938 ne·

80 1980 139 2041 que
168 1965 268 2026 bibere
295 1982 390 2041 neque
422 1966 553 2027 dormire.
602 1966 802 2027 NOVICIUS:
835 1966 949 2026 Vellem
980 1967 1120 2026 rationem

79 2054 163 2127 scire,
184 2069 274 2129 quare
293 2052 379 2113 homo
401 2055 464 2113 viso
479 2054 626 2130 daemone,
647 2071 715 2113 mox
735 2057 802 2131 igne
824 2059 977 2129 conspecto
999 2054 1120 2113 extasim

78 2140 214 2201 nuno
263 2138 499 2201 MONACHUS:
531 2142 610 2218 Ignis
637 2140 710 2202 lucis
737 2143 865 2200 minister
897 2147 955 2215 est,
987 2139 1120 2201 diabolus

79 2242 152 2287 vero
172 2229 304 2302 princeps
331 2234 360 2287 et
387 2234 488 2289 auctor
508 2229 691 2288 tenebrarum
720 2225 806 2307 est³).
848 2227 913 2287 Lux
934 2233 964 2287 et
983 2227 1120 2287 tenebrae

78 2312 137 2373 sint
157 2314 280 2373 Invicem
299 2311 474 2395 conueniat)
496 2322 571 2390 sunt,
593 2317 666 2375 sicut
685 2314 774 2392 frigus
796 2321 825 2375 et
847 2314 933 2374 calor.
967 2312 999 2374 Si
1020 2330 1119 2390 egres·

79 2416 132 2459 sus
151 2400 238 2461 fueris
259 2399 296 2461 de
317 2401 442 2461 tenelnis
463 2403 493 2460 in
513 2401 625 2462 radium
646 2401 731 2478 solis,
752 2402 799 2462 vel
820 2418 992 2474 econverso,
1014 2417 1050 2459 en
1070 2418 1120 2461 re·

77 2488 199 2564 pontina
224 2490 383 2547 mutatione
411 2490 491 2548 visus
507 2495 585 2548 tuus
615 2489 745 2548 turbatur
774 2495 804 2548 et
835 2488 940 2548 deficit.
988 2487 1063 2547 Item
1094 2489 1119 2547 si

78 2590 199 2633 munmn
219 2577 303 2634 nimis
324 2575 515 2651 intiigidatam
528 2578 587 2652 igni
600 2575 773 2651 adhibueris,
794 2577 855 2635 sive
877 2574 913 2633 de
933 2576 999 2650 igne
1022 2580 1119 2633 extra-

79 2666 159 2721 ctum
179 2677 274 2737 cquae
294 2660 407 2739 gelidae
422 2663 601 2737 immerseris,
623 2664 795 2723 contrarium
809 2662 982 2721 elementum
995 2659 1118 2736 amplius

78 2756 111 2807 te
131 2748 278 2809 cruciabit
322 2748 398 2825 Quid
424 2766 491 2825 ergo
518 2751 636 2824 mnam,
664 2751 689 2808 si
717 2765 753 2807 ex
775 2750 884 2808 visione
906 2746 1025 2823 diaboli,
1055 2748 1119 2823 qui,

78 2842 115 2895 ut
134 2832 208 2911 diui,
234 2841 336 2896 auctor
357 2842 401 2897 est
421 2837 603 2896 tenebrarum
625 2842 654 2894 et
674 2838 747 2912 ignis
768 2837 891 2910 antemi,
919 2834 1041 2893 hominis
1062 2852 1118 2894 na-

78 2930 146 2981 turo
165 2921 297 2981 turbatur
323 2928 352 2981 ct
372 2929 506 2998 terretur,
539 2922 713 2983 contrahitur
742 2928 771 2982 et
792 2920 902 2998 deficit,
935 2937 1001 2982 cum
1021 2921 1119 2998 ignem

77 3007 166 3067 huius
179 3009 279 3069 mundi
299 3008 410 3086 uiderit,
432 3012 481 3085 qui
503 3012 617 3068 omnino
633 3011 790 3069 contrarius
811 3016 855 3070 est
875 3010 934 3086 igni
947 3006 1117 3085 gehenuae?

78 3092 133 3155 Ille
153 3096 330 3171 tenebrosus,
351 3098 405 3156 iste
426 3096 593 3156 luminosus.
635 3096 760 3156 Multum
782 3097 819 3156 ab
843 3114 877 3157 eo
893 3095 1037 3155 discordat
1056 3102 1118 3157 tam

77 3181 109 3241 iu
139 3198 228 3242 sensu
256 3200 344 3259 quam
371 3185 401 3242 in
431 3184 543 3243 effectu.
585 3183 647 3243 Vin
676 3189 772 3243 tanim
804 3184 936 3259 perfecti,
969 3189 1001 3241 ut
1029 3200 1117 3259 supra

77 3268 188 3329 diction
208 3275 266 3345 est,
294 3287 381 3346 saepe
410 3270 564 3331 daemones
590 3272 651 3330 sine
679 3276 785 3330 terrore
808 3277 837 3329 et
857 3273 919 3329 sine
940 3286 1042 3329 sensus
1064 3269 1117 3330 do-

75 3354 201 3416 ioctione
221 3356 328 3417 vident.
370 3355 572 3419 NOVICIUS:
601 3356 633 3416 Si
653 3358 725 3417 visio
748 3356 855 3416 diaboli
875 3363 936 3416 tum
956 3356 1117 3432 periculosa

77 3450 110 3501 et
128 3448 190 3503 tarn
211 3444 315 3503 nociva
336 3450 380 3503 est
400 3446 429 3501 in
449 3444 541 3503 tonna
562 3445 704 3517 subiecta,
733 3446 797 3520 quis
824 3443 904 3503 illurn
926 3443 1024 3503 videre
1044 3461 1116 3518 pos-

75 3534 123 3591 set
149 3530 180 3589 in
211 3527 297 3610 sua‘)
336 3529 460 3590 natura?
510 3528 746 3591 MONACHUS:
780 3529 888 3590 Oculus
900 3527 922 3610 ⁶)
962 3530 1116 3606 corporalis

97 3662 129 3733 1)
146 3664 250 3715 timores
262 3666 377 3717 nocturni
395 3664 444 3717 hoc
461 3664 517 3719 Ioco
529 3673 597 3729 sunt,
613 3672 643 3716 nt
659 3672 730 3732 puto,
747 3665 900 3717 tentationes
915 3661 1063 3716 diabolicae.
1082 3692 1114 3701 -

147 3732 182 3801 2)
198 3732 263 3786 sibi
280 3732 354 3786 obest
370 3750 385 3786 u
403 3735 481 3788 tibris.
499 3764 532 3774 -
548 3736 580 3862 ἲ
597 3742 646 3786 est
662 3749 705 3788 ons
721 3732 773 3789 BG.
792 3765 823 3775 -
836 3732 907 3804 Μ
924 3733 1130 3785 contronius.

149 3830 181 3842 -
198 3802 232 3872 ⁵)
247 3802 428 3872 Burupriu.
446 3836 480 3895 ᾗ
499 3805 532 3877 6)
588 3805 641 3861 odd
657 3805 834 3863 humanus.
