2460 4162
401 218 456 277 DE
485 217 748 280 ΤΕΝΤΑΤΙΟΝΕ.
1036 221 1096 279 183

50 338 189 417 capitulo
203 341 334 416 sequenti
347 338 383 400 de
397 340 638 418 superbavetula,
660 358 734 417 quae
748 342 916 418 magistrum
928 339 1098 416 Arnoldum,

49 427 202 505 praedicti
223 425 330 488 oliveri
351 428 529 504 discipulum,
550 428 762 505 praedicantem
783 429 977 488 subsannavit.

428 618 661 680 CAPITULUM
681 619 737 678 XI.

53 742 110 801 De
140 741 255 815 vaula,
289 759 366 816 quoe
389 758 446 816 per
475 741 611 799 choream
638 738 761 799 nobum
790 743 883 799 concis
913 759 933 799 o
955 744 1097 816 magistro

103 828 242 888 Amoldo
258 828 415 930 prolatum
433 824 794 989 imhsshhhrhtejrmdem'
816 827 900 903 infru
922 828 1055 927 triduom

128 1050 203 1111 Cum
219 1048 235 1131 ¹)
258 1057 334 1111 esset
352 1052 430 1112 idem
443 1051 588 1112 Amoldus
602 1053 704 1111 Pastor
723 1053 754 1110 in
775 1051 936 1128 Burgende,
959 1068 1033 1126 quae
1056 1058 1100 1110 est

55 1136 134 1198 villa
151 1136 337 1218 Dnentiae²),
366 1146 394 1198 et
415 1142 444 1198 in
463 1139 508 1198 dic
526 1139 732 1215 Apostolorum
752 1139 830 1198 Petri
858 1143 886 1198 et
906 1138 1003 1213 Pauli,
1032 1139 1094 1197 eius

54 1223 230 1302 parochiam
257 1224 401 1300 quendam
428 1225 528 1284 ludum
536 1222 557 1306 ³)
586 1244 712 1286 annuum
737 1227 767 1283 in
797 1224 906 1285 choreis
931 1230 960 1284 et
980 1226 1097 1283 musicis

54 1313 256 1371 instrumentis
277 1311 450 1388 recolerent,
473 1315 535 1389 ipse
555 1315 614 1372 iam
635 1312 746 1372 hebens
766 1311 950 1389 praedicandi
971 1312 1097 1370 auctori-

56 1404 161 1473 tatem,
183 1414 248 1457 cum
270 1415 355 1458 cruce
376 1399 414 1458 ad
436 1399 570 1458 choream
591 1402 727 1474 accessit,
758 1405 787 1458 et
807 1404 840 1457 ut
861 1416 879 1458 a
900 1398 968 1457 ludo
991 1398 1098 1457 diaboli
1208 1403 1210 1412 '

57 1482 241 1560 recederent,
263 1501 363 1544 omnes
383 1488 501 1561 monuit,
523 1488 635 1562 rogavit
657 1491 685 1544 et
697 1486 860 1561 praecepit.
903 1486 959 1562 Qui
981 1502 1047 1544 cum
1068 1487 1097 1542 in

58 1570 166 1632 eodem
177 1571 241 1631 loco
255 1573 420 1648 praedicare
439 1575 588 1648 coepisset,
610 1572 728 1648 quidam
743 1572 909 1631 obedientes
930 1569 968 1631 ad
982 1571 1097 1647 praedi-

59 1659 206 1719 cationem
221 1660 281 1717 eius
292 1664 445 1735 venerunt,
461 1659 508 1718 alii
524 1676 589 1719 cunr
602 1659 796 1735 indignatione
809 1658 982 1731 recedentes,
998 1665 1098 1718 contre

58 1744 206 1829 eboreum¹
219 1752 376 1823 steterunt,
397 1746 523 1805 nonnulli
545 1748 575 1803 in
596 1762 649 1806 sna
669 1740 824 1821 pertinacia
844 1740 1098 1823 permanserunt).

57 1830 143 1891 Inter
163 1848 235 1908 quos
266 1838 326 1892 erat
346 1833 443 1892 vetula
464 1849 522 1891 una
543 1832 631 1891 stulta
652 1849 687 1891 ac
708 1833 847 1907 superba,
869 1848 943 1907 quae
966 1833 1097 1907 quotiens

58 1915 130 1999 ΜΡ)
150 1917 329 1979 sacerdotem
350 1920 467 1978 Domini
487 1922 517 1978 in
539 1919 644 1978 chorea
665 1918 835 1978 circueundo
859 1921 999 1992 venisset,
1025 1935 1097 1977 con-

58 2012 107 2065 tra
121 2002 216 2085 enm⁶)
237 2009 390 2081 respiciens
403 2006 545 2066 cantando
558 2007 751 2064 subsannavit.
785 2005 866 2081 Quae
886 2005 958 2064 inire
971 2005 1097 2064 triduum

58 2092 157 2153 subito
187 2091 319 2152 dmuncta
349 2100 400 2152 est.
443 2094 537 2170 Quam
564 2095 608 2150 vir
634 2099 749 2152 sanctus
776 2095 817 2152 sic
845 2092 974 2167 deflevit,
1003 2109 1037 2151 ac
1072 2098 1096 2153 si

58 2176 292 2259 manibussu'is')
314 2179 393 2239 illam
405 2182 592 2238 exstinxisset.
635 2179 691 2238 Per
702 2181 802 2238 vitium
821 2180 970 2255 superbiae
991 2179 1096 2241 multos

59 2264 194 2333 diabolus
215 2272 315 2325 tentat.
357 2265 441 2326 Unde
463 2265 635 2325 studendum
658 2272 702 2326 est
724 2267 863 2341 omnibus,
885 2268 1007 2325 maxime
1029 2265 1096 2324 roli-

57 2348 177 2432 groslu)
200 2359 228 2411 et
249 2352 463 2427 claustralibus,
490 2358 524 2412 ut
544 2354 585 2412 sic
618 2370 650 2412 se
671 2355 700 2412 in
722 2353 830 2428 verbis,
859 2355 888 2411 in
910 2354 1046 2429 gestibus,
1068 2357 1097 2413 in

58 2439 247 2514 vestimentis,
269 2445 297 2498 ot
313 2441 342 2498 in
364 2442 464 2520 ceteris
485 2439 626 2513 omnibns,
648 2456 722 2515 quae
743 2439 780 2498 ad
812 2457 896 2498 usum
930 2442 1095 2500 exteriorem

56 2526 216 2603 pertinent,
248 2525 415 2602 exhibeant,
446 2543 483 2586 ne
508 2525 586 2601 apud
608 2525 769 2586 saeculares
789 2528 819 2584 in
848 2529 916 2586 vitio
945 2529 1095 2602 superbiae

56 2612 204 2672 notabiles
225 2611 304 2672 fiant
650 2606 654 2612 ’

415 2784 648 2846 CAPITULUM
672 2785 743 2844 XII.

103 2910 153 2969 De
172 2909 311 2984 Philippo
332 2908 414 2983 Repe
434 2907 637 2981 Francorum,
660 2911 713 2982 qui
732 2909 853 2982 atomum
874 2909 1051 2966 monachum

283 2995 319 3054 ob
341 2998 444 3053 stricte
466 2995 659 3054 calciamento
680 2993 871 3070 reprehendit.

123 3132 234 3193 Nobilis
246 3132 362 3209 qnidam
376 3134 579 3192 monasterium
595 3131 740 3207 quoddam
760 3132 789 3189 in
811 3132 933 3190 Francia
954 3133 1095 3208 spoliavit.

53 3222 130 3281 Erat
151 3222 226 3280 enim
248 3219 284 3279 de
306 3219 404 3278 ordine
425 3219 586 3295 Nigrorum.
629 3218 742 3278 Placuit
762 3217 871 3276 Abbati
898 3224 926 3277 et
945 3219 1094 3294 fratribus,

53 3316 90 3369 nt
102 3324 176 3365 unus
191 3325 227 3366 ex
239 3306 386 3366 monachis
404 3306 441 3365 ad
456 3307 567 3382 Regem
587 3306 759 3380 Philippum,
782 3307 831 3380 qni
852 3312 920 3364 tunc
941 3307 1095 3381 regnabat,

53 3396 224 3468 mitteretur,
245 3410 297 3470 per
321 3410 406 3469 quern
429 3395 455 3451 ci
476 3393 611 3452 violentia
632 3393 734 3452 militis·
751 3398 946 3467 exponeretur.
988 3392 1095 3451 Missus

72 3508 145 3577 1)Β
171 3508 248 3559 dnm.
268 3536 300 3547 -
328 3508 359 3575 2)
378 3509 492 3572 Duentia,
519 3508 595 3577 vulgo
622 3508 766 3568 Twente,
799 3522 856 3573 pers
883 3515 922 3557 est
949 3508 1094 3573 provinciae

126 3577 329 3640 Tnnsisslcnue,
347 3577 371 3629 id
390 3588 438 3641 est,
457 3577 619 3631 0ver-Yssel.
640 3607 671 3618 -
690 3578 722 3645 3)
740 3575 782 3629 cn
800 3576 908 3627 ludum
927 3575 1094 3643 quondam.

126 3648 202 3716 -4)
219 3647 261 3700 hl'
279 3647 598 3715 remanserunt-5)
616 3647 657 3700 ch
675 3656 765 3709 ante3
784 3645 893 3709 contii,
911 3645 1094 3712 4.-c)ecn

125 3716 267 3769 illurn.—·
282 3717 313 3784 7)
330 3717 477 3769 menibus
495 3718 560 3769 suis
577 3732 619 3769 om
637 3716 715 3782 ech,
732 3731 790 3768 mox
807 3715 848 3770 CR
865 3730 981 3766 eam·
1002 3715 1034 3782 8)
1052 3713 1093 3767 CR

125 3785 301 3857 religiosis
319 3788 463 3839 maxime.
