2438 4170
195 231 233 287 1⁶2
521 227 748 289 DISTINCTIO
767 228 896 289 PRIMA

193 350 305 425 plurimi
318 352 404 408 etiarn
420 346 436 429 ¹)
458 368 509 425 per
530 353 715 410 ministerium
736 351 856 410 aliorum
878 348 1124 432 conuertuntur2),
1145 351 1206 413 rid

80 438 89 455 ''
192 437 258 496 licet
279 437 368 496 verbo
393 438 612 513 exhortationis,
635 441 738 498 virtute
760 441 903 513 orationis,
925 438 1054 513 exemplo
1075 439 1176 516 religio
1197 444 1217 493 ·;

193 523 266 584 Sunt
288 531 317 583 et
336 527 494 597 innumeri,
517 542 589 600 qnos
617 525 703 584 trabit
723 524 762 584 ad
784 525 910 584 ordinem
931 525 1080 600 multiplex
1101 531 1213 587 necessi

193 619 245 684 tas,
267 610 297 668 id
318 618 369 685 est,
390 611 556 686 infirmitas,
578 619 743 688 paupertas,
765 615 931 688 captivitas,
954 614 1152 672 erubescentia
1173 613 1213 673 ali

193 700 274 756 ouius
296 699 405 773 culpae,
427 699 583 773 periculum
604 702 688 773 vitae,
710 702 794 757 timor
815 699 862 758 vel
877 702 1102 775 experimentum
1116 717 1204 783 poen

34 816 48 849 ,·
192 783 373 860 gehennalis,
403 784 573 844 desiderium
599 789 708 862 patriae
736 786 875 846 coelestis.
918 786 1037 845 Talibus
1070 790 1202 864 congruit

107 933 112 940 ⁴
191 871 262 929 illud
282 871 502 948 Evangelioum:
537 872 681 948 Corrmelle
713 871 867 951 intraret).
909 871 1113 933 NOVIOIUS:
1146 874 1218 934 Lice

192 958 264 1017 haec
285 958 436 1017 videantur
457 959 624 1034 probabilia,
645 963 738 1018 minus
760 967 857 1018 tamen
878 960 1026 1035 sufficient,
1046 963 1101 1019 nisi
1115 979 1219 1020 annox

191 1045 294 1104 fuerint
315 1035 453 1120 exempla.
496 1045 734 1106 MONACHUS:
769 1046 853 1122 Quod
882 1046 998 1122 quidam
1026 1055 1183 1107 connexion

194 1132 255 1203 sola
283 1131 340 1191 Dei
369 1135 533 1207 vocatione,
567 1151 602 1191 ex
631 1134 686 1192 hoo
714 1133 791 1208 quod
820 1152 895 1194 nunc
917 1134 1088 1211 subiungam
1120 1141 1189 1210 pote
1218 1162 1219 1181 2

193 1219 322 1295 exemplo
345 1218 519 1296 dignoscere.

556 1409 788 1470 CAPITULUM
810 1410 862 1470 VI.

157 1530 161 1538 '
202 1533 250 1591 De
271 1537 411 1592 canonico
434 1533 588 1592 Leodienst
611 1533 653 1590 od
666 1533 920 1608 praedicationem
941 1537 1036 1611 suncti
1056 1516 1210 1593 Bernerdi

279 1638 425 1694 eonvmeo,
449 1628 476 1679 et
499 1621 533 1678 de
555 1621 669 1695 capelo,
693 1638 780 1695 quem
801 1623 891 1694 speeie
912 1621 1050 1678 monaehi
1070 1621 1144 1680 cidit

569 1708 699 1782 confiteri
719 1708 850 1765 uolentis.
932 1773 936 1783 ι

257 1846 446 1921 Temporibus
470 1844 591 1904 Conradi
613 1846 700 1922 Regis
721 1845 918 1904 Romanorum
937 1863 1003 1904 eum
1025 1853 1142 1905 sanctus
1151 1847 1211 1907 Ber

194 1933 299 1992 nardus
319 1932 497 2008 praedicaret
519 1940 632 1991 crucem
652 1935 682 1990 in
702 1931 825 2006 Leodio,
848 1932 963 2008 quidam
986 1936 1140 1993 canonieus
1160 1952 1211 1994 ma

82 2041 88 2051 “
192 2023 257 2080 ioris
280 2020 417 2078 ecclesiae
438 2026 595 2094 prostratus
617 2022 646 2077 in
675 2022 801 2078 oratione
812 2016 831 2098 ⁵)
854 2026 920 2078 ante
950 2020 1095 2095 quoddam
1122 2021 1213 2080 altare

193 2125 295 2167 rocem
316 2105 478 2164 huiusmodi
509 2106 626 2165 coelitus
656 2101 835 2186 demissam⁶)
858 2107 981 2166 audivit:
1013 2107 1068 2165 Exi
1090 2108 1208 2166 standi

192 2192 380 2270 Evangelium
402 2195 503 2251 revixit
511 2191 540 2272 ⁷).
584 2193 640 2269 Qui
660 2211 728 2251 mox
750 2195 787 2252 ab
810 2197 937 2252 oratione
958 2211 1077 2270 surgens
1099 2197 1214 2255 exivite

193 2285 285 2341 virum
306 2288 436 2339 sanctum
459 2297 572 2339 crucem
595 2287 693 2339 contra
714 2280 886 2339 Sarracenos
907 2281 1120 2356 praedicantem
1143 2285 1209 2341 inve

192 2372 248 2427 nit:
270 2368 341 2427 alios
364 2368 479 2443 quidem
501 2369 641 2444 signabat,
663 2367 733 2426 alios
756 2367 793 2426 ad
815 2368 941 2427 ordinem
954 2369 1135 2444 suscipiebat.
1170 2369 1216 2445 Qu

194 2462 379 2531 compunctus
402 2462 431 2514 et
452 2454 571 2530 Spiritus
593 2458 684 2513 sancti
704 2457 838 2514 unctione
869 2458 945 2513 intus
973 2458 1125 2514 instructus
1158 2473 1209 2515 cru

194 2561 256 2601 cern
278 2543 411 2616 suscepit,
432 2546 608 2600 nontamen
629 2545 834 2601 transmarinae
854 2542 929 2600 illius
952 2543 1137 2617 expeditionis
1135 2587 1153 2618 ,,
1174 2560 1219 2603 se

194 2630 313 2703 ordinis,
345 2629 487 2688 salubrius
515 2628 644 2687 iudicans
669 2629 785 2705 longam
807 2646 920 2688 crucem
942 2632 1102 2705 imprimere
1124 2637 1213 2695 menti

106 2782 110 2792 ἱ
193 2736 281 2793 quam
308 2718 426 2775 brevem
455 2733 557 2774 zonam
586 2716 623 2774 ad
645 2723 757 2790 tempus
780 2714 924 2795 assuere⁸)
947 2719 1028 2775 vesti.
1071 2716 1213 2793 Legerat⁹

193 2805 370 2865 Salvatorem
393 2803 548 2862 dicentem:
572 2805 631 2880 Qui
652 2820 714 2861 non
737 2805 811 2862 tollit
833 2821 948 2861 nucem
969 2804 1107 2878 quotidie,
1130 2811 1158 2861 et
1178 2823 1208 2862 se

193 2896 296 2967 quitur
316 2909 370 2962 me,
392 2908 454 2948 aon
476 2897 517 2948 est
538 2909 584 2946 me
606 2891 712 2964 dignus
731 2887 770 2967 ¹⁰).
813 2889 879 2947 Non
901 2889 978 2964 dixit,
999 2907 1056 2948 uno
1080 2908 1155 2949 anno
1177 2908 1214 2949 vc

193 2979 319 3051 duobus,
352 2976 402 3035 sed
425 2976 558 3052 quotidie.
601 2975 685 3034 Multi
715 2983 782 3051 post
809 2979 1049 3052 peregrinationes
1072 2977 1219 3036 deteriore

192 3066 263 3122 fiunt
285 3071 314 3121 et
333 3066 456 3139 pristinis
477 3065 552 3121 vitiis
575 3064 695 3138 amplius
718 3081 749 3122 se
772 3064 934 3139 involvunt3
963 3064 993 3121 hi
1021 3063 1126 3123 similes
1159 3083 1213 3124 sun

193 3151 310 3210 canibus
332 3150 539 3209 revertentibus
561 3148 599 3207 ad
620 3153 767 3225 vomitum,
790 3157 819 3209 et
840 3151 938 3208 suibus
952 3151 1016 3208 lotis
1032 3150 1218 3210 involutubr

190 3239 242 3296 luti
263 3239 306 3295 sui
324 3234 361 3316 ¹¹).
404 3236 612 3295 Monachorum
633 3239 693 3295 vita
714 3238 880 3314 regulariter
901 3238 1058 3295 viventium
1078 3245 1171 3297 totae
1214 3262 1219 3277 2

191 3334 242 3398 cst,
265 3342 308 3383 co.
322 3324 399 3398 quod
420 3327 449 3382 in
471 3324 587 3400 singulis
608 3325 743 3383 membris
766 3342 815 3384 eos
837 3323 999 3383 obedientia
1021 3325 1168 3401 crucifigat
1186 3324 1204 3354 '²

209 3451 239 3529 1)
257 3459 277 3512 G
294 3467 414 3522 autern,
431 3467 457 3509 et
474 3474 533 3509 mox
550 3459 742 3509 ministeria.
755 3458 828 3525 -2)
847 3458 865 3508 Ρ
883 3468 1127 3511 convertuntur
1144 3460 1203 3510 ali·

259 3545 333 3580 rurn.
354 3559 384 3567 —
413 3529 444 3595 3)
463 3529 483 3579 C
505 3529 669 3579 convenit.
690 3559 720 3568 —
748 3529 780 3596 1)
798 3529 855 3578 luc.
875 3528 916 3591 14,
934 3529 976 3581 23.
996 3559 1026 3568 —
1046 3530 1077 3596 5)
1096 3531 1125 3580 in
1152 3545 1209 3581 orn

259 3600 345 3650 tione
363 3597 439 3649 habet
457 3597 476 3649 C
493 3607 551 3664 post
573 3597 688 3648 altare.
708 3627 739 3636 -
767 3599 799 3665 6)
817 3598 858 3650 Bc
875 3596 1046 3649 dimissum.
1067 3628 1097 3637 —
1126 3599 1159 3667 7)
1176 3616 1208 3650 re

257 3670 399 3720 vixitom
418 3666 445 3720 G.
465 3697 495 3705 -
514 3668 546 3735 8)
565 3667 586 3718 b
604 3683 779 3719 assumere.
799 3697 829 3706 -
858 3667 993 3732 emaus
1011 3669 1102 3719 enim.
1123 3698 1154 3708 -
1175 3668 1208 3721 10

258 3739 315 3789 Luc.
335 3738 360 3797 9,
377 3738 419 3789 23.
445 3737 530 3789 llatlh.
551 3738 592 3801 to,
610 3737 651 3789 38.
671 3766 702 3776 -
724 3738 771 3807 11)
789 3736 855 3790 Patr.
874 3736 908 3801 ll,
926 3738 957 3803 2,
975 3739 1018 3790 22.
1037 3766 1068 3776 —
1089 3737 1137 3807 12)
1155 3740 1217 3790 coni

258 3809 321 3860 inira
340 3807 402 3872 Vlll,
420 3808 461 3859 19.
