2438 4170
100 217 140 275 70
399 215 626 278 DISTINCTIO
648 216 833 279 SECUNDA

457 355 691 417 CAPITULUM
713 358 781 417 VH.

116 479 167 541 De
190 474 365 537 Gadescalco
386 482 538 560 macario,
561 483 613 554 qai
629 481 725 538 sedam
745 484 864 554 teneam
885 477 939 537 aidi
959 481 1019 554 inp

452 573 671 641 praeparatam
692 567 774 626 vidit.

161 700 394 762 MONACHUS:
403 702 451 762 ¹Eo
463 710 592 778 tempore
603 721 660 778 quo
672 707 807 780 magister
816 703 967 764 Johannes
976 703 1019 762 Xe

97 788 290 850 Scholasticus
302 796 329 847 et
339 794 474 865 magister
486 788 617 849 Oliverus
628 790 821 850 Scholasticus
834 791 1009 849 Coloniensis

98 883 196 936 contra
213 876 385 935 Sarracenos
407 877 643 952 praedicaverunt
657 881 686 935 in
704 878 839 936 Diocaesi
854 879 1018 936 Traiectens

97 963 167 1022 mihi
176 963 273 1022 retulit
283 964 463 1038 supradictus
473 963 644 1038 Bernardus,
663 967 712 1040 qui
729 970 797 1022 tunc
808 967 945 1040 temporis
963 964 1019 1023 coll

98 1050 225 1109 eiusdem
247 1049 353 1109 Oliveri
382 1057 411 1109 et
433 1058 600 1125 cooperator
627 1054 656 1108 in
678 1051 904 1126 praedieatione,
926 1040 1019 1110 erati

98 1136 165 1196 dam
186 1139 323 1212 rusticus,
356 1140 380 1196 si
408 1138 483 1196 bene
514 1140 644 1211 memini,
672 1140 785 1196 nomine
809 1137 1019 1212 Gadesealcus,

96 1227 250 1300 usurarius.
292 1224 351 1283 Iste
373 1242 438 1282 cnm
460 1228 568 1298 ceteris,
591 1242 648 1284 non
670 1243 706 1283 ex
721 1224 881 1299 devotione,
903 1231 936 1283 ut
956 1231 1019 1300 post

96 1309 166 1386 urit,
199 1310 250 1370 sed
272 1328 307 1369 ex
330 1313 570 1369 circumstantium
598 1315 761 1386 importuna
781 1313 996 1386 admonitione„

89 1401 231 1473 suscepit.
274 1397 347 1456 Cum
376 1398 586 1472 dispensatores
619 1416 655 1456 ex
687 1399 822 1457 mandato
855 1399 1015 1457 Innocentii

96 1487 247 1561 pecuniam
261 1484 445 1544 redemtionis
463 1485 661 1561 colligerent‘a
678 1487 802 1558 senibus,
824 1486 998 1560 pauperibus
1014 1504 1019 1543 ι

96 1575 159 1647 mis,
180 1571 257 1630 idem
277 1574 423 1631 usurarius
445 1591 476 1631 se
498 1590 654 1648 pauperem
676 1575 823 1646 mentiens,
846 1573 959 1631 euidarn
984 1571 1019 1630 dn

96 1662 153 1719 tori·
179 1662 253 1719 cirea
281 1677 422 1717 summam
451 1661 575 1734 quinque
604 1658 774 1718 talentorum
804 1658 896 1733 dedit,
932 1659 1019 1734 taliqu

97 1747 276 1806 sacerdotem
291 1748 482 1805 circumvenit.
526 1747 636 1805 Testati
652 1754 719 1804 sunt
738 1753 839 1820 postea
856 1749 942 1804 vieini
964 1749 1019 1804 eius

100 1833 213 1893 dedisse
225 1835 365 1908 potuisset
388 1833 575 1909 quadraginta
597 1851 716 1907 mareas,
737 1849 791 1891 nee
812 1841 909 1891 tamen
931 1833 1019 1892 exhor

98 1919 204 1979 liberos
227 1936 309 1995 suos,
331 1919 408 1995 quod
430 1923 490 1995 ipse
512 1920 726 1994 praetendebat.
769 1919 850 1978 Deus
872 1926 985 1993 autem,
1007 1937 1019 1994 q

98 2023 157 2065 non
185 2009 292 2082 potuit,
321 2009 381 2064 eius
405 2005 534 2064 fallaciae
547 2003 562 2084 ¹)
585 2015 686 2081 postea
708 2006 866 2065 terribiliter
889 2007 1019 2066 conclusi

98 2092 186 2152 debat
213 2095 298 2152 miser
325 2095 355 2150 in
376 2094 500 2151 tabernis
522 2092 618 2150 Deum
640 2111 813 2168 provocans,
841 2097 958 2168 eiusque
979 2110 1019 2169 pe:

4 2176 7 2181 ’
99 2180 274 2256 exprobrans
295 2182 324 2237 in
345 2178 421 2237 huno
443 2180 576 2237 modum:
594 2181 656 2239 Vos
671 2180 766 2238 stolidi
778 2166 857 2238 mare
879 2181 1017 2239 transibiti

97 2268 232 2326 stantiam
245 2275 371 2324 vestram
394 2265 566 2340 expendetis
588 2269 734 2341 vitamque
756 2272 881 2326 vestram
903 2268 999 2325 multis
1018 2287 1019 2291 ¹

97 2352 133 2412 lis
162 2355 317 2428 exponetis,
366 2353 429 2428 Ego
463 2370 531 2411 vero
562 2371 627 2411 oum
655 2371 744 2412 uxore
778 2360 806 2411 et
834 2354 928 2412 liberis
957 2355 1019 2412 meis

98 2440 232 2513 residens,
253 2445 370 2515 propter
382 2442 505 2527 quinque
518 2458 637 2514 mareas,
660 2443 762 2515 quibus
775 2440 881 2499 redemi
896 2458 1011 2499 erucem

98 2527 219 2586 similem
248 2528 331 2585 vobis
360 2527 474 2585 habebo
504 2527 672 2588 mercedem.
715 2527 776 2586 Sed
802 2530 892 2585 iustus
918 2528 1019 2586 Domin

98 2613 194 2689 palam
230 2612 391 2673 ostenderet
427 2620 566 2689 quantum
602 2618 628 2673 ei
661 2615 788 2690 placeret
820 2615 901 2672 labor
941 2621 970 2672 et
992 2632 1019 2672 er

98 2703 351 2777 peregrinantium,
382 2707 410 2760 et
439 2707 578 2776 quantum
608 2704 669 2760 eius
699 2702 788 2759 oculis
811 2701 972 2776 displiceret
995 2702 1019 2758 d<

23 2812 26 2814 ·
97 2787 276 2863 blasphemia
291 2788 473 2864 detrahentis,
488 2788 639 2847 bominem
656 2791 843 2846 miserrimum
864 2788 981 2847 tradidit
1001 2788 1019 2847 S

98 2880 132 2931 ut
160 2875 281 2933 disceret
309 2892 366 2933 non
394 2875 602 2951 blasphemare.
646 2876 737 2933 Nocte
766 2875 891 2950 quadam
920 2876 1019 2933 dormit

98 2976 164 3019 cum
192 2978 281 3020 uxore
310 2979 377 3036 sua,
404 2965 433 3019 in
461 2965 576 3038 proprio
600 2962 765 3021 molendino
789 2962 886 3020 domui
908 2980 978 3020 suae
1001 2980 1019 3020 o

98 3053 208 3105 motum
230 3051 312 3123 quasi
332 3055 412 3107 rotae
433 3049 564 3108 molentis
586 3050 704 3108 audivit.
748 3049 939 3123 Clamansque
948 3046 969 3127 ²)
998 3067 1017 3124 p

56 3189 58 3194 .
99 3133 169 3192 dixit
191 3135 229 3192 ei:
260 3134 330 3210 Quis
351 3134 466 3193 admisit
486 3136 702 3195 molendinum?
745 3137 829 3195 Vade
853 3137 921 3194 vide
944 3139 1007 3210 quis

98 3220 156 3279 Ivit
176 3239 255 3296 puer,
278 3229 306 3280 et
327 3221 423 3297 rediit3
446 3225 532 3281 nimio
555 3225 630 3282 enim
643 3225 758 3282 horrore
780 3223 927 3298 perculsus
936 3220 957 3301 ³)
980 3242 1019 3297 pn

98 3324 156 3365 non
177 3310 278 3383 potuit.
292 3307 346 3365 Cui
360 3308 504 3367 dominus:
519 3310 584 3383 Die,
598 3307 695 3388 quid)
720 3317 762 3368 est
777 3309 838 3369 ibt?
856 3310 1017 3383 Respondit

98 3401 144 3453 tus
158 3394 257 3454 horror
273 3394 311 3453 ad
325 3398 429 3454 ostium
441 3396 594 3455 molendini
606 3400 709 3456 invasit
722 3415 775 3470 me,
791 3404 823 3454 ut
838 3396 1019 3470 compellerer

117 3580 148 3649 1)
166 3579 208 3632 BR
226 3580 399 3632 fallaciam.
417 3582 449 3646 X,
466 3583 513 3634 31:
531 3585 592 3634 acsi
610 3585 634 3635 ei
652 3584 765 3633 oratione
783 3582 864 3634 tidelis
882 3582 973 3633 viduae
991 3598 1019 3633 co

168 3651 264 3702 luisset.
283 3650 372 3702 Hamil.
390 3651 430 3702 lll.
450 3667 474 3718 p.
494 3653 558 3704 112:
577 3669 628 3704 uon
644 3653 708 3704 bene
720 3653 832 3702 sciebant
850 3654 1019 3719 argumentari

167 3729 219 3772 tarn
237 3723 288 3772 cito
305 3729 405 3787 poterat
414 3720 543 3772 concludi.
558 3752 588 3762 -
608 3724 639 3789 2)
657 3722 678 3773 R
697 3737 897 3789 vocansque;
916 3722 981 3773 conl.
1002 3722 1019 3772 v

145 3791 200 3859 ’3)
219 3791 278 3844 BCP
296 3808 485 3860 percussus.
507 3822 535 3830 -
555 3792 587 3860 4)
605 3792 645 3843 DP
663 3800 688 3842 et
707 3792 795 3843 corrA
814 3794 893 3859 quis.
