2438 4170
421 247 477 308 Du
499 245 786 309 ΤΕΝΤΑΤΙΟΝΕ.“
1049 246 1111 307 263

109 370 182 447 111111,
199 374 309 431 tanturn
331 371 407 429 circa
426 368 507 428 illum
527 370 675 444 strepitum
698 367 831 427 excitavit
842 362 875 447 ¹),
896 371 929 426 ut
948 365 1113 443 superficies

108 457 174 517 otus
184 458 343 533 pavimenti,
363 459 465 530 inquo
480 457 584 531 stabat,
607 457 730 514 coturnis
739 452 759 535 ²)
774 453 980 514 monachorum
1002 453 1113 513 discur-

109 545 204 602 terbum
230 546 312 603 atteri
336 542 487 602 videretur.
531 543 586 618 Qui
607 560 674 602 eum
695 542 731 600 de
752 541 802 600 tali
822 541 1023 617 phantasmate
1043 539 1114 598 nihil
1161 589 1164 597 .

58 684 67 701 .,
109 635 208 707 maret,
235 637 264 690 et
292 629 439 706 completis
465 630 639 689 orationibus
667 630 773 703 abiret,
803 630 884 703 quasi
905 627 1114 687 multitudinem

58 774 62 779 .
109 712 248 777 lituorum
274 722 340 794 post
367 734 399 776 se
425 719 600 776 venientium
627 715 707 775 vidit.
749 714 816 774 Alio
843 722 971 792 tempore
998 716 1114 789 spiritus

109 800 280 880 imitationis,
302 807 381 864 cuius
403 803 543 863 anhelitus
566 821 672 879 prunas
687 802 786 861 ardere
800 799 906 881 tacit³),
928 819 1031 877 corpus
1053 803 1115 860 cius

109 886 157 964 igne
178 890 297 951 libidinis
324 891 538 950 intolerabiliter
563 890 718 949 succendit.
762 888 849 948 Cuius
872 889 1114 964 importunitatem

108 978 250 1037 1111111111
279 981 322 1037 vir
348 974 424 1057 illet)
455 977 652 1051 considerans,
684 979 713 1034 in
741 976 813 1035 haee
838 977 929 1035 verba
955 975 1014 1034 alta
1042 990 1115 1034 voco

63 1122 67 1129 .
108 1067 224 1138 prorupit:
247 1064 321 1140 Quid
334 1082 381 1123 me
392 1071 453 1123 tam
469 1064 618 1123 crudeliter
634 1065 751 1137 crucier,
770 1080 786 1121 o
802 1061 937 1121 diabole?
958 1062 1025 1121 Non
1040 1063 1115 1120 enim

107 1146 207 1230 inme⁵)
228 1151 348 1227 amplius
362 1152 454 1210 facero
476 1154 589 1226 potoris,
611 1168 697 1226 quam
719 1167 737 1208 a
758 1150 822 1208 Deo
844 1151 999 1225 permissus
1020 1148 1115 1207 tueris.

107 1228 224 1297 Dominus
243 1256 339 1312 meus,
360 1240 421 1314 ipse
444 1244 487 1297 est
508 1234 621 1317 11111111)
645 1243 673 1295 11
695 1237 837 1294 Dominus
858 1243 933 1294 tuus.
975 1235 1116 1294 Doctrina

109 1325 141 1377 cst
150 1324 277 1396 praedicti
291 1326 466 1383 contessoris.
510 1324 558 1383 Ad
573 1342 660 1399 quam
676 1339 778 1382 vocem
799 1322 850 1382 tali
871 1322 968 1382 ordine
987 1314 1115 1381 tentator

107 1404 337 1470 1111111111.
379 1411 483 1470 Verbis
502 1413 616 1487 quidem
640 1411 771 1485 prolatis,
794 1428 861 1468 mox
883 1411 977 1484 coepit
997 1412 1026 1467 in
1047 1427 1116 1468 vor-

106 1492 150 1552 tice
169 1498 238 1574 1111,
271 1499 352 1573 quasi
381 1498 488 1574 aliquid
509 1497 644 1557 motabile
654 1495 673 1576 ³)
696 1515 824 1572 serpere,
857 1504 886 1556 et
905 1496 1043 1572 paulatim
1064 1514 1116 1571 per

106 1584 218 1658 tuasque
250 1602 334 1644 aures
365 1602 456 1660 usque
490 1585 527 1644 ad
560 1585 664 1644 collum
697 1584 868 1643 descendere
907 1601 972 1642 curn
1003 1582 1115 1642 sudore.

105 1658 198 1730 Deinde
214 1690 264 1748 per
287 1672 419 1747 scapulas
442 1678 471 1730 et
490 1670 595 1746 latera,
616 1689 668 1746 per
689 1688 775 1729 coxas
805 1677 833 1729 et
855 1687 937 1728 crura
958 1672 1063 1728 sensim
1084 1687 1116 1729 se

104 1750 208 1832 tmen,
227 1777 278 1834 per
303 1759 376 1818 talos
402 1760 496 1817 exivit.
539 1760 576 1817 Et
604 1761 677 1817 sieut
704 1759 772 1815 milri
795 1757 941 1823 confessus
971 1762 1014 1814 cst
1039 1756 1116 1814 idem

104 1845 257 1922 monachus,
278 1847 319 1905 ita
340 1847 454 1920 spiritus
475 1845 537 1920 ille,
559 1848 669 1904 utiam
692 1844 798 1902 dictum
821 1852 879 1918 cst,
901 1842 1041 1920 gradatim
1064 1842 1116 1902 de-

47 1960 49 1979 ι
92 1930 204 2007 'itendit
217 1939 248 1990 ut
272 1935 422 1990 sentiretur
442 1935 470 1990 in
492 1950 548 1990 uno
571 1929 675 2010 loco⁸),
698 1937 726 1989 11
746 1949 804 1989 non
824 1935 853 1989 in
875 1929 940 1989 alio.
972 1929 1029 2005 Qui
1049 1947 1116 1988 mox

101 2011 198 2091 1111111
224 2020 312 2095 pedes
341 2022 438 2082 exiens
465 2019 552 2094 sugit,
579 2021 652 2094 ignis
681 2019 717 2075 ab
748 2036 781 2076 eo
810 2020 948 2076 excitatus
975 2017 1115 2092 refriguit,

100 2096 125 2149 tt
150 2109 262 2164 tentatio
292 2109 382 2164 omnis
412 2109 542 2165 cessavit.
584 2104 786 2164 NOVICIUS:
816 2105 918 2178 Miror,
947 2106 971 2162 si
991 2103 1117 2178 aliquam

98 2192 265 2251 ttcasioncm
293 2194 464 2268 praebuerit
484 2194 592 2267 spiritui
620 2194 811 2251 tonricationis
839 2195 880 2250 111
906 2190 1064 2249 terribiliter
1085 2208 1117 2249 11

97 2278 246 2338 cruciantis.
267 2278 502 2338 MONACHUS:
517 2279 597 2338 Sicut
615 2281 651 2337 ab
667 2281 727 2337 cius
742 2296 790 2350 ore
804 2279 908 2352 audivi,
930 2278 975 2337 die
992 2277 1117 2352 quadam

95 2363 158 2421 e¹111]
168 2369 290 2425 visitaret
306 2384 371 2425 cum
383 2365 499 2425 Abbate
516 2369 544 2424 in
559 2367 683 2441 quodam
702 2366 824 2425 claustro
846 2365 1116 2438 sanctimonialium,

94 2451 216 2539 sstanona
230 2454 371 2529 quaedam
393 2452 519 2512 eiusdem
540 2455 778 2530 congregationis,
799 2470 886 2528 quarn
907 2458 973 2510 ante
995 2468 1116 2510 convcr-

93 2536 198 2597 ⁸¹0ucm
228 2541 303 2599 bene
341 2547 475 2614 noverat,
508 2541 656 2624 brachium
683 2558 767 2598 suum
796 2556 881 2614 super
921 2538 1025 2602 collum
1057 2540 1116 2596 cius

91 2623 197 2702 Dtsuit,
228 2627 327 2686 oculos
360 2630 389 2685 in
422 2644 488 2686 eum
520 2627 654 2703 defigens.
706 2625 790 2702 Quod
820 2644 884 2684 eum
912 2624 1118 2683 considerasset

91 2701 155 2773 clus
181 2730 265 2788 quam
295 2719 450 2789 oporteret,
478 2719 545 2771 tunc
575 2714 689 2788 quidem
717 2712 786 2769 nihil
814 2730 850 2771 ex
878 2711 933 2770 hoc
954 2712 1117 2769 tentationis

91 2798 184 2874 sensit,
204 2801 255 2860 sed
268 2806 377 2876 postea,
399 2799 513 2875 quando
530 2800 659 2859 diabolus
679 2798 757 2857 illam
779 2799 926 2857 oculorum
948 2797 1118 2856 defixionem

91 2886 256 2946 menti-eius
277 2887 408 2962 reduxit,
441 2889 482 2945 ita
503 2893 629 2946 tentatus
662 2893 705 2944 cst
726 2886 762 2944 ab
784 2885 833 2943 illa
853 2884 938 2959 hora,
969 2891 997 2942 11
1017 2891 1117 2959 postca

90 2974 142 3036 ter
160 2990 248 3033 annos
262 2975 378 3049 aliquot,
399 2980 431 3032 ut
449 2991 515 3032 eum
532 2977 628 3032 vivere
642 2973 777 3031 taederet.
820 2972 933 3048 Quanto
957 2973 1031 3030 enim
1053 2973 1116 3045 quis

90 3058 236 3125 perfectior
250 3067 301 3136 est,
322 3067 401 3120 tanto
419 3061 483 3136 plus
505 3078 605 3120 sensus
626 3078 693 3120 suos
705 3062 872 3135 restringere
895 3059 988 3133 debet,
1008 3064 1117 3117 tactum

89 3149 210 3207 maxime
225 3155 253 3207 et
266 3150 368 3206 visum.
410 3148 541 3223 Tantum,
562 3150 629 3222 quia
646 3151 720 3206 sicut
740 3149 768 3205 in
790 3147 987 3222 Vitaspatrum
1007 3145 1117 3221 legitur,

89 3240 192 3311 terpus
219 3235 343 3294 mulieris
370 3236 443 3310 ignis
469 3241 520 3293 cst.
563 3235 679 3309 Visum,
709 3236 775 3308 quia
796 3251 871 3292 mors
892 3232 1047 3308 ingreditur
1067 3249 1117 3307 por

87 3310 224 3380 fenestras
253 3321 408 3399 peulomm.
452 3321 596 3397 Quantum
624 3328 720 3381 tamen
748 3321 905 3379 monachus
928 3323 981 3378 iste
1002 3321 1031 3376 in
1051 3324 1117 3377 ten-

88 3404 242 3469 stationibus
276 3411 423 3481 meruerit,
456 3425 578 3483 sequens
606 3426 698 3467 sermo
728 3407 891 3469 declarabit.
942 3405 1014 3464 Cum
1043 3409 1118 3464 esset

70 3482 170 3554 Prior
206 3497 236 3553 in
275 3495 406 3553 Claustro
449 3495 628 3570 supradictus
667 3496 863 3568 Hermannus,
902 3488 977 3551 nunc
1015 3491 1117 3550 Abbas

107 3611 139 3679 1)
156 3610 176 3664 G
192 3612 381 3681 generavit,
400 3612 464 3664 torte
482 3614 616 3675 creavit,
634 3620 662 3663 ut
678 3610 815 3667 inlraVlll,
834 3610 875 3662 37:
894 3617 1006 3676 „tanturn
1023 3608 1118 3659 creavit

159 3684 313 3748 strepitum.“
326 3710 354 3720 —
365 3682 396 3748 2)
408 3682 427 3733 B
446 3684 594 3733 catervis.
606 3712 636 3720 -
648 3682 679 3746 3)
692 3680 738 3732 lob
751 3682 793 3744 41,
807 3682 884 3733 12.-
894 3682 924 3747 t]
937 3672 977 3731 BG
995 3681 1041 3730 vir
1059 3675 1117 3727 ille

158 3750 930 3815 11111111111,1)11111111111111111111.-51111
947 3764 992 3800 nre
1010 3744 1117 3799 adduc.

160 3848 189 3861 ·-
201 3821 232 3890 6)
250 3822 346 3877 ctiam
364 3821 413 3872 add
426 3821 498 3874 ADD.
510 3821 583 3890 -7)
601 3822 691 3874 Geues.
712 3821 736 3885 l,
753 3820 795 3872 21.
808 3821 881 3888 -8)
899 3818 940 3871 BG
956 3817 1030 3869 loco
1047 3829 1117 3871 uuo·
