2460 4162
373 209 429 269 DE
451 206 724 280 DAEMONIBUS.
1039 213 1100 270 289

59 329 300 393 MONAGHUS:
321 329 415 407 Supra
437 332 617 391 distinctione
634 335 727 409 prima
742 329 866 406 capitulo
888 334 1030 393 tricesimo
1052 351 1101 392 sc·

60 418 157 480 cundo
172 418 336 478 dictumest
351 418 386 477 de
400 417 518 479 Abbate
529 418 763 493 Morimundensi,
777 419 856 494 quod
870 418 1024 479 daemones
1037 422 1104 479 ani-

61 524 141 566 mam
155 505 193 566 ad
204 505 301 566 locum
313 502 329 586 ¹)
342 523 500 582 poenarum
512 511 659 582 portantes
674 508 880 565 cruciaverunt.
909 506 1043 566 Similiter
1057 507 1102 565 di·

62 595 215 653 stinctione
245 592 372 652 secunda
394 592 519 668 capitulo
552 599 633 652 sexto
655 591 870 651 Hildebrandus
891 591 964 652 latro
985 593 1102 652 Bertol-

62 678 123 756 pho
152 685 219 755 post
247 685 367 739 mortem
389 696 546 755 apparens,
572 679 663 738 multa
684 679 772 737 millia
794 678 966 737 daemonum
988 680 1103 740 dicebat

62 768 191 827 animam
220 783 303 825 suam
323 767 391 825 foris
414 766 589 841 praestolari.
632 765 832 825 NOVICIUS:
863 765 894 824 Si
915 766 988 825 haec
1009 770 1050 826 ita
1071 785 1102 826 se

62 854 181 927 habent,
199 859 309 911 certum
324 859 368 911 est
381 853 477 927 plures
495 870 558 911 esse
580 852 743 926 daemones,
759 869 846 927 quam
861 852 990 912 homines
1003 854 1102 914 malos

62 938 300 1000 MONACHUS:
324 938 471 1015 Quantum
486 939 672 1014 adpraesens
686 946 807 1014 tempus,
830 943 1003 1014 quaestionis
1018 941 1103 1000 huius
1133 972 1137 977 ·

62 1025 237 1087 solutionem
258 1028 330 1084 scire
351 1042 409 1084 non
437 1043 606 1101 possumus,
636 1026 687 1085 sod
710 1033 818 1084 certum
838 1024 995 1102 habemus,
1025 1028 1103 1102 quod

61 1116 92 1172 in
114 1112 172 1173 fine
193 1112 301 1188 mundi,
323 1112 437 1188 quando
452 1113 611 1188 completus
625 1113 708 1172 fuerit
721 1130 856 1172 numerus
878 1116 1064 1188 reproborum
1072 1112 1103 1188 2),

61 1198 273 1275 multoplures
303 1205 384 1258 erunt
406 1200 473 1258 mali
495 1198 639 1272 homines,
672 1216 759 1275 quam
781 1199 943 1258 daemones.
986 1200 1103 1261 NOVI-

62 1284 169 1347 GIUS:
190 1284 274 1346 Unde
288 1285 343 1345 hoc
355 1285 515 1362 probatur?
558 1284 791 1346 MONACHUS:
815 1286 937 1346 Decima
958 1305 1025 1363 pars
1048 1306 1103 1346 an-

61 1373 194 1450 gelorum
219 1372 328 1448 cecidit,
351 1375 505 1448 exquibus
531 1373 685 1432 daemones
708 1373 776 1432 sacti
798 1380 872 1431 sunt.
915 1375 1002 1434 Teste
1016 1376 1102 1434 beato

63 1459 222 1536 Gregorio,
253 1465 297 1518 tot
329 1462 472 1518 ascensuri
495 1466 561 1518 sunt
583 1476 617 1518 ex
640 1459 737 1519 electis
759 1459 938 1535 hominibus,
972 1469 1042 1536 quot
1063 1463 1104 1520 ibi

62 1546 160 1624 angeli
180 1543 417 1626 111111111111111.
461 1545 626 1605 Secundum
647 1546 703 1606 hoc
725 1565 829 1606 novom
849 1550 978 1622 partibus
999 1566 1104 1606 nume·
1182 1568 1186 1575 ’

62 1630 147 1713 ruet)
168 1632 316 1692 hominum
338 1633 492 1692 electorum
509 1634 690 1692 transcendet
711 1651 861 1693 numerum
879 1633 1104 1694 daemoniorum.

64 1719 140 1797 Quis
161 1736 230 1797 ergo
254 1719 363 1782 dubitet
372 1717 400 1799 ⁵),
423 1722 491 1795 quin
508 1720 766 1795 incomparabiliter
786 1720 882 1796 plures
905 1724 960 1779 sint
974 1721 1104 1781 homines

66 1806 152 1882 mali,
182 1823 270 1882 quam
291 1805 380 1865 boni?
423 1807 485 1866 Nec
512 1809 542 1864 in
563 1807 620 1866 hoe
642 1807 710 1865 mali
730 1807 860 1867 homines
882 1808 1008 1882 aliquam
1029 1812 1104 1867 reci-

64 1887 177 1973 pient⁶)
193 1892 425 1967 consolationem,
447 1892 525 1969 quod
536 1911 656 1953 numero
670 1893 755 1970 longc
769 1894 865 1969 plures
888 1902 970 1952 erunt
985 1895 1104 1954 daemo-

65 1980 162 2054 nibus,
184 1982 251 2055 quia
272 1987 353 2039 tanta
366 1987 409 2038 est
423 1980 536 2038 illorum
557 1981 692 2039 naturalis
707 1984 843 2055 potentia,
864 1988 945 2040 tanta
959 1990 1105 2042 contracta

64 2066 186 2141 malitia,
208 2073 288 2125 tanta
301 2067 452 2141 torquendi
465 2067 612 2141 industria,
627 2074 659 2125 ut
670 2086 744 2125 unus
758 2068 854 2126 multis
872 2069 996 2127 millibus
1009 2069 1105 2128 horni-

64 2171 138 2213 num
159 2154 188 2211 in
202 2156 301 2229 poenis
316 2142 484 2212 adhibendis
500 2153 628 2213 sufficere
650 2157 750 2229 possit.
778 2154 860 2214 Haec
876 2155 911 2214 dc
925 2156 1104 2215 multitudine

64 2239 259 2317 malignorum
276 2242 425 2316 spirituum
440 2240 515 2299 dicta
538 2243 602 2299 sint.
636 2240 721 2316 Quod
736 2248 831 2300 autom
846 2244 1105 2317 incomparabiliter
1148 2316 1150 2322 Ι

65 2325 137 2387 mali
160 2328 216 2385 sint
238 2333 267 2386 ct
287 2326 531 2402 immisericordes,
552 2330 638 2386 variis
661 2330 710 2386 tibi
732 2329 858 2403 pandam
881 2331 1025 2405 exemplis.

435 2518 668 2578 CAPITULUM
684 2520 740 2578 IX.

65 2641 117 2699 De
131 2640 281 2712 memma,
304 2644 357 2715 qui
379 2641 453 2700 111111
474 2642 688 2699 111111111111
709 2659 774 2699 orna
789 2645 892 2699 1111111
907 2660 927 2699 1
941 2660 970 2700 sc
986 2644 1105 2717 decepta

163 2727 332 2786 descmdcre
354 2731 386 2786 iu
407 2728 568 2803 bufonum,
597 2746 689 2803 quom
710 2729 806 2786 redire
828 2729 870 2786 ool
891 2730 1012 2787 coelum.

133 2846 266 2908 Daemon
289 2849 405 2924 quidam
428 2849 495 2908 dunr
509 2847 529 2929 ⁷)
550 2850 696 2909 hominem
718 2868 736 2909 a
757 2867 788 2909 se
810 2851 959 2909 obsessum
981 2850 1105 2910 horribi-

64 2932 132 2993 liter
156 2942 315 3010 torqueret,
349 2943 378 2994 et
405 2936 523 2996 dirersis
544 2954 596 3011 por
617 2954 650 2995 os
673 2940 733 2996 1111
751 2937 900 3013 garriendo
924 2938 1036 2997 diversa
1058 2955 1106 2998 rc-

64 3020 233 3097 sponderet‚
256 3021 364 3080 dictum
386 3030 429 3081 ost
451 3026 476 3082 11
498 3042 516 3082 a
538 3023 662 3098 quodam
685 3041 720 3082 ex
743 3026 1004 3084 circumstantibus:
1033 3026 1106 3098 Dio,

65 3106 191 3184 diabole,
213 3111 236 3167 si
258 3126 358 3185 posses
379 3110 418 3168 ad
435 3109 555 3186 gloriam
576 3112 605 3168 in
628 3128 685 3185 qua
705 3110 783 3169 fuisti
805 3112 904 3185 redire,
926 3112 995 3187 quid
1016 3113 1105 3172 velles

64 3200 184 3273 propter
211 3194 268 3255 hoc
296 3195 401 3255 laboris
424 3196 582 3257 sustinere?
626 3197 785 3272 Respondit
806 3198 866 3257 ille:
900 3198 931 3258 Si
952 3199 1008 3258 hoc
1031 3207 1107 3259 esset

64 3282 97 3341 in
117 3298 184 3341 mco
198 3282 323 3356 arbitrio,
345 3283 460 3342 mallem
482 3301 547 3343 cum
569 3301 627 3344 una
649 3286 744 3343 anima
766 3302 784 3343 a
807 3283 886 3365 mel)
911 3285 1031 3362 decepta
1053 3287 1106 3345 dc·

64 3367 204 3429 escendere
232 3371 262 3427 in
282 3369 438 3445 inscmum,
467 3388 555 3445 quam
582 3370 673 3430 redire
701 3371 738 3430 ad
766 3372 885 3432 coelum.
934 3372 1105 3433 Mirantibns

87 3571 121 3639 1)
137 3570 202 3624 ADP
219 3572 307 3635 loca3
325 3573 400 3640 paulo
419 3582 477 3641 post
495 3573 539 3625 111)
567 3576 807 3626 cruciaverint.
828 3605 858 3614 -
879 3577 910 3644 2)
928 3577 970 3628 ΑΡ
993 3593 1106 3644 repro-

138 3640 248 3693 borum
265 3658 423 3694 numerus.
444 3673 474 3683 -
494 3644 526 3710 3)
544 3643 648 3711 Gregor.
667 3645 693 3695 in
710 3644 809 3711 Evang.
826 3645 915 3696 Homil.
934 3647 1045 3709 XXXIV,
1065 3649 1105 3698 11.
1184 3666 1191 3681 1

139 3738 171 3751 -
183 3710 250 3793 4)0
266 3711 450 3783 angelorum
474 3729 627 3765 numerus.
642 3742 672 3753 -
686 3715 718 3783 5)
729 3712 814 3766 XBDP
832 3713 972 3767 dubitat.
984 3716 1116 3779 -bXbQ

139 3782 309 3848 recipiant.
330 3812 360 3823 -
382 3781 589 3853 7111011111.
609 3815 643 3827 -
660 3784 697 3856 8)
714 3800 732 3839 a
747 3801 799 3841 me
814 3783 872 3837 add
884 3783 945 3836 sb.

820 3860 881 3936 lb
