2438 4170
343 218 405 281 'DE
427 219 703 281 oonuusslouu.
985 223 1045 281 113

71 350 142 418 mot
163 361 199 403 ex
220 344 312 402 verbo
332 343 440 403 factum
461 343 638 420 intelligeret,
658 360 712 402 nec
733 349 831 402 tamen
851 348 945 402 tacere
960 342 1047 416 licuit,

82 432 206 490 virtatem
236 431 418 489 confessionis
452 430 593 489 sacerdoti
625 430 795 490 ostenderet.
844 428 1047 489 NOVICIUSr

71 534 125 594 gna
143 523 188 578 cst
207 520 299 576 virtus
321 519 512 590 confessionis,
534 534 608 593 quae
630 523 659 575 et
681 519 787 576 crimen
809 516 938 575 adulterii
951 535 970 575 a
982 533 1047 575 mc-

71 608 108 664 uia
126 604 233 663 diaboli
253 603 366 678 delevit,
388 611 417 664 et
437 604 581 664 hominem
602 605 640 663 ab
661 605 818 663 imminenti
837 602 963 678 periculo
972 602 1047 662 libe-

71 693 103 751 s't
138 690 373 751 MONACHUS:
406 690 485 750 Audi
517 698 545 751 et
579 691 703 750 fructum
738 690 822 749 huius
854 690 1047 749 confessionis.

71 778 154 837 cordos
175 795 235 837 non
255 781 404 838 immemor
426 777 521 837 collati
535 778 737 851 sibibcncficii,
758 776 1048 852 saeculumdcscruit,
1157 850 1159 865 ἰ

84 864 257 940 inquodam
285 867 423 924 coenobio
460 865 565 924 ordinis
593 867 682 923 nostri
715 863 888 923 monachum
914 881 947 923 se
973 864 1048 923 iecit

71 950 123 1013 llruc
141 955 238 1011 vivere
259 959 389 1027 putatur,
417 955 490 1011 sicut
512 952 635 1011 didicis
657 950 782 1027 quodam
803 949 920 1010 Abbate
942 950 1048 1011 ordinis

71 1041 216 1099 starciensis.
259 1037 461 1099 NOVIOIUS:
494 1039 649 1114 Prophetia
675 1037 760 1097 huius
781 1040 907 1113 protervi
929 1037 1048 1097 daemo-

71 1142 178 1199 acausa
198 1127 224 1184 ei
247 1128 353 1185 exstitit
373 1143 495 1202 magnae
509 1126 617 1184 salutis.
660 1124 895 1185 MONACHUS:
916 1125 1049 1185 Narravit

71 1210 136 1273 liat
155 1212 232 1272 aliud
252 1230 326 1288 pone
347 1213 438 1271 simile
458 1212 533 1271 huic.
971 1203 975 1209 ⁴

377 1400 608 1462 oAP1uULUM
631 1403 686 1462 III.

71 1510 118 1580 iem
137 1524 169 1582 dc
189 1541 273 1583 seruo
296 1524 418 1582 alterius
440 1525 546 1596 militis,
570 1527 622 1599 qui
642 1543 711 1582 corn
730 1541 826 1595 uxore
849 1525 961 1582 dormitat
980 1529 1027 1584 rai

76 1625 194 1685 mouns,
217 1618 244 1670 ct
265 1614 297 1668 in
317 1628 436 1668 nonore
457 1611 534 1669 idem
553 1619 707 1685 peccatum
727 1614 837 1670 rotatico
860 1612 1005 1687 confitens,

295 1715 314 1755 a
337 1697 461 1767 diabolo
471 1697 562 1773 procli
582 1715 644 1756 mou
660 1701 770 1773 potuit.

94 1831 236 1895 Cuiusdam
256 1836 352 1895 militis
373 1854 445 1896 uxor
465 1839 611 1913 proprium
634 1854 748 1895 servum
769 1835 931 1909 admiserat,
951 1834 1049 1894 libidi-

71 1921 147 1996 tlgnc
166 1939 313 1982 succensa.
357 1922 430 1982 Cum
452 1942 509 1999 quo
532 1942 598 1982 cum
618 1941 670 1998 per
683 1929 796 1999 tempus
810 1922 927 1997 aliquod
938 1923 1049 1982 occulto

71 2016 178 2085 canet,
204 2028 258 2069 nec
279 2012 337 2068 iam
358 2010 446 2069 latere
467 2018 578 2087 posset,
611 2011 649 2069 ad
677 2029 761 2070 aures
789 2011 883 2068 mariti
910 2011 1049 2085 pervenit.

71 2088 158 2154 levero
180 2095 216 2156 de
236 2098 325 2156 verbo
349 2097 456 2171 dolens,
477 2115 530 2157 nec
552 2105 649 2156 tamen
670 2099 765 2157 verbis
788 2096 963 2172 adplenum
985 2113 1049 2157 cre·
1091 2157 1095 2166 ,

71 2176 110 2253 us,
126 2186 224 2257 tacuit,
258 2186 363 2258 sciens,
396 2201 428 2242 sa
447 2187 650 2261 investigante,
678 2202 739 2244 rem
761 2191 821 2243 tam
841 2184 980 2243 nefariam
1001 2183 1049 2242 diu

71 2270 178 2342 liposse
200 2271 344 2329 occultari.
387 2270 461 2346 Quia
482 2273 526 2328 vir
548 2278 608 2330 erat
630 2270 709 2330 dives
732 2278 761 2330 et
770 2271 916 2346 honestus,
937 2273 1049 2331 uxoris-

71 2353 250 2416 tranctans
270 2360 352 2433 inops
376 2364 405 2417 et
432 2357 597 2432 inhonesta,
629 2357 729 2416 maluit
754 2376 815 2418 rem
842 2361 1020 2434 inexpertam
1032 2354 1049 2437 ¹)

71 2441 228 2502 ruentum
250 2444 288 2503 ad
310 2453 422 2520 tempus
444 2451 540 2522 tegere
548 2442 578 2524 ²),
600 2462 687 2519 quam
708 2462 739 2504 se
762 2451 791 2504 et
811 2462 930 2504 uxorem
942 2463 1050 2522 genus-

71 2533 154 2588 tiam
174 2549 258 2588 suum
280 2549 367 2606 quam
388 2532 470 2605 illino,
492 2549 544 2607 per
565 2534 741 2607 suspiciones
760 2531 955 2591 dehonestare.
998 2532 1050 2589 In-

71 2609 106 2671 lur
122 2617 225 2692 ubique
248 2617 424 2694 divulgatum
447 2625 503 2693 est,
525 2621 554 2676 in
575 2617 626 2677 tali
645 2618 715 2677 villa
736 2620 885 2678 obsessum
907 2619 1050 2694 quondam

71 2710 101 2773 tt,
124 2706 216 2763 nescio
239 2712 335 2764 tamen
358 2707 380 2763 si
402 2705 478 2764 idem
505 2706 603 2781 fuerit,
632 2704 667 2764 de
697 2722 753 2780 quo
783 2707 913 2780 superius
943 2705 1050 2764 dictum

71 2797 84 2855 1,
109 2793 152 2865 qui
177 2793 283 2850 nemini
312 2798 455 2867 parceret,
488 2792 538 2851 scd
567 2793 765 2867 praesentibus
797 2800 917 2869 peccata
939 2791 1051 2851 occulta

71 2866 151 2936 iceret
171 2884 200 2938 ct
220 2881 433 2954 improperaret.
477 2878 562 2954 Quod
584 2897 650 2938 cum
672 2879 799 2938 audisset
819 2879 909 2955 miles,
931 2895 1050 2955 sperans

71 2962 165 3024 'illum
187 2968 227 3025 rei
248 2969 398 3024 veritatem
421 2966 544 3041 discere,
566 2973 693 3025 assumto
717 2983 815 3026 secum
836 2983 934 3041 servo,
958 2967 1052 3042 coepit

77 3040 240 3131 'lpergcra
261 3055 327 3111 viae
350 3071 465 3112 causam
487 3071 570 3112 servo
591 3056 704 3129 penitus
721 3057 878 3130 ignorante.
921 3054 1050 3113 Venien-

71 3147 97 3195 1s
126 3142 165 3198 cis
193 3139 232 3199 ad
260 3157 361 3198 ncmus
390 3140 551 3216 quoddam,
584 3158 651 3199 eum
679 3141 809 3200 dominus
840 3140 994 3199 declinaret
1021 3142 1050 3197 in

71 3224 159 3285 uidam
187 3229 334 3300 semitam,
367 3245 441 3302 quac
467 3227 506 3287 ad
535 3227 709 3286 daemoniosi
722 3224 744 3307 4)
777 3226 914 3287 tendebat
934 3227 1050 3302 villam,

71 3313 112 3383 pit
130 3331 229 3373 servus
252 3312 338 3372 valde
359 3332 479 3390 pavere,
501 3317 593 3373 sciens
615 3332 666 3390 pro
689 3322 781 3390 certo,
804 3332 835 3373 sc
856 3313 932 3373 ultra
952 3315 1051 3374 vivere

71 3416 75 3449 t
96 3417 187 3476 posse,
209 3403 233 3459 si
256 3402 362 3475 crimen
383 3401 513 3460 adulterii
534 3401 701 3476 proderetur
714 3420 733 3460 a
745 3402 893 3460 daemone.
935 3401 1051 3460 Positus

71 3487 145 3546 lanto
167 3490 278 3561 timore,
302 3486 369 3544 dum
390 3491 419 3546 in
442 3488 660 3565 cogitationibus
682 3491 741 3547 suis
762 3488 927 3562 fluctuaret,
955 3488 1051 3545 homi·

71 3554 258 3634 uideodcm
280 3591 396 3634 nemore
416 3575 494 3651 ligna
514 3575 687 3634 incidentem
714 3576 831 3635 audivit.
874 3575 1051 3650 immisitque

84 3722 297 3794 llexpertam.
326 3755 357 3768 -
385 3727 498 3796 mur
525 3726 693 3795 detcgcrc.
712 3757 743 3768 -
771 3728 803 3795 3)
821 3727 884 3801 BQD
910 3725 998 3779 illue.
1019 3755 1050 3764 ψ

86 3794 118 3862 4)
136 3795 153 3847 Ρ
172 3794 380 3857 ducavouiaci.
