2460 4162
398 222 454 283 DE
475 221 751 285 CONTRI'I'IONE.
1053 230 1090 284 Π

56 343 130 421 Ipse
150 344 237 405 ctiam
257 342 399 403 confessio
418 350 534 421 proptor
554 345 780 427 erubescentiam
811 347 936 405 maxima
961 363 1030 421 pers
1050 354 1095 406 cst

56 430 272 493 satisfactionis.
312 429 389 491 Nam
407 432 438 489 in
458 434 550 507 primo
573 435 746 492 contritionis
768 440 875 508 puncto
897 433 1014 492 dmissa
1028 432 1094 493 fuc-

56 524 103 579 rat
123 520 153 578 ei
180 517 282 594 culpa,
312 516 416 587 demde
444 521 611 578 counitione
635 519 832 579 inardescente
860 526 890 578 et
917 519 1094 580 confessione

56 605 216 667 accedente
237 604 332 664 deleta
354 610 399 664 est
417 622 521 680 poena
562 604 766 667 NOVICIL'S:
796 605 863 665 Nou
882 608 977 664 miuus
1007 608 1095 665 miror

57 693 259 753 contritionem
278 690 364 749 huius
384 691 524 767 hominis,
554 710 642 768 quum
662 692 788 768 Mariae,
809 695 856 753 eui
876 699 988 751 tantmu
1008 691 1094 752 ucri-

56 779 150 838 manti
171 784 201 837 et
219 777 261 837 nil
281 777 386 837 dicenti
406 795 479 839 roce
500 778 657 838 Salvatoris
679 779 787 839 dictum
801 786 844 838 est
851 776 862 836 ι’
880 779 1013 838 Dimissa
1025 787 1096 839 erant

56 868 227 941 sponsata
247 865 355 937 malta,
376 869 519 941 quostiam
540 865 641 926 dilexit
655 867 783 924 inuitum
800 864 829 943 9.
859 864 1095 926 MONACHUS:

56 950 102 1011 Ex
124 967 184 1027 quo
204 952 379 1011 mentionem
398 951 489 1011 fecisti
509 951 621 1011 Mariae
641 951 847 1028 Magdaleuae,
870 951 964 1011 dicam
985 954 1036 1011 tibi
1059 953 1096 1012 de

56 1040 131 1097 mua
150 1039 321 1097 contritione
342 1037 491 1097 cuiusdam
512 1038 638 1098 mulieris
659 1038 839 1113 luxuriosae,
861 1041 891 1097 in
911 1057 970 1115 qua
990 1041 1096 1099 uostris

55 1124 236 1201 tenporibus
257 1124 387 1184 Christus
407 1141 466 1184 non
486 1126 598 1186 minora
618 1125 745 1187 ostendit
774 1128 885 1203 gratiae
916 1143 986 1185 suae
1007 1128 1095 1187 mira·

56 1210 505 1289 cuiaqnamoiimiudfnda

417 1380 735 1462 'mmmm

53 1522 105 1585 Do
126 1521 258 1596 mutere,
279 1539 359 1599 quac
379 1521 415 1581 de
433 1523 495 1598 tilio
516 1526 655 1598 coacepit,
677 1540 770 1599 quom
790 1521 981 1582 Innocentius
1001 1525 1093 1599 Papo

121 1607 160 1669 od
177 1608 342 1687 perfectam
364 1612 750 1755 οοηίνίἰίοέἔετῗωιῖαἴίοοαιί
764 1627 868 1685 poena
888 1609 1032 1669 iudicavit

121 1814 157 1875 In
179 1814 299 1877 diversis
317 1815 390 1877 locis
417 1833 438 1876 a
465 1815 584 1876 diversis
611 1817 740 1893 personis
772 1815 828 1875 hoc
857 1815 935 1892 quod
967 1816 1094 1877 dicturrus

52 1920 125 1963 snm
142 1902 250 1963 andivi
291 1902 370 1962 Ante
391 1902 449 1962 hoc
470 1903 695 1979 quadriennium,
717 1901 827 1978 eodem,
849 1905 874 1961 si
894 1904 968 1963 benc
989 1906 1093 1963 memi-

53 1991 96 2065 ni,
116 2006 204 2065 enno,
224 2006 283 2066 quo
305 1990 456 2049 defunctus
478 1997 522 2048 est
532 1989 715 2049 Innocentius
724 1989 814 2065 Papa,
835 1990 936 2048 mulier
950 1989 1093 2065 quaedum

54 2076 126 2155 igne
144 2075 269 2137 libidinis
288 2093 436 2151 succensa,
456 2078 602 2152 proprium
623 2075 769 2135 adamavit
785 2075 883 2150 filium,
906 2075 941 2134 de
952 2093 1009 2152 quo
1021 2093 1092 2137 cou-

56 2163 136 2241 cepit
154 2170 185 2223 et
203 2165 315 2239 peperit
333 2163 425 2221 filium
444 2163 574 2223 alterum.
616 2163 736 2222 Teucro
765 2169 825 2221 tam
859 2163 984 2223 nefariae
1010 2180 1093 2223 com-

55 2250 202 2311 mixtionis
213 2246 381 2329 percnisa2),
401 2250 532 2325 quolibet
545 2256 690 2309 momento
705 2253 808 2309 timeus
821 2267 853 2308 se
875 2249 949 2308 tradi
958 2249 1092 2323 Satanae,

54 2335 106 2397 vol
126 2343 219 2397 morte
238 2337 389 2396 subitanea
408 2338 537 2412 interire,
564 2336 629 2396 Deo
656 2339 809 2395 miseraute
835 2336 871 2394 do
899 2336 1091 2395 satisfactione

55 2424 169 2483 mxisri
189 2425 292 2500 coepit.
333 2422 507 2483 Pnaehabito
528 2426 608 2499 prius
629 2422 746 2484 consilio
768 2423 922 2482 sacerdotis
953 2424 1011 2496 sui,
1043 2425 1091 2481 iu·

54 2508 199 2571 anulum
219 2526 318 2571 secum
338 2505 457 2585 tollens,
486 2512 528 2569 ita
556 2512 632 2570 euim
659 2509 728 2568 mihi
757 2509 864 2568 dictum
884 2509 972 2568 fuisse
1003 2515 1090 2585 puto,

55 2595 183 2657 Romam
202 2598 297 2671 veuit,
324 2604 354 2655 et
375 2613 441 2656 eum
461 2597 553 2655 multa
572 2598 784 2672 importunitate
807 2596 912 2655 domiui
932 2596 1092 2654 Innocentii

55 2682 158 2761 Pspse
179 2682 269 2743 oculis
289 2699 321 2742 so
342 2685 474 2760 ingessit,
506 2700 572 2743 eum
601 2686 687 2742 tentis
715 2683 838 2741 lacrimis
868 2689 896 2740 et
918 2682 1089 2741 clamoribus

55 2771 170 2831 ametis
189 2769 370 2829 audientibus
390 2770 496 2829 faciens
518 2770 731 2843 confessionem,
753 2776 785 2827 ut
806 2785 905 2827 omnes
925 2774 1049 2827 verteret
1060 2770 1090 2826 iu

54 2862 213 2935 stuporem
256 2855 389 2915 Gestavit
409 2858 438 2913 in
459 2856 584 2916 brachiis
604 2857 755 2930 infantem,
784 2858 926 2914 commissi
957 2855 1089 2913 facinoris

55 2950 170 3005 usam
211 2942 322 3003 tudens
343 2944 475 3003 dominus
495 2944 577 3018 Papa
603 2945 632 3002 iu
660 2942 777 3002 muliere
804 2948 914 3001 tentam
941 2944 1090 3001 contritio-

54 3048 141 3105 nem,
161 3036 192 3091 et
212 3032 280 3106 quia
300 3047 368 3091 vere
389 3037 465 3091 essct
484 3032 648 3105 poenitens,
675 3029 867 3089 misericordia
887 3036 982 3088 motus
1004 3046 1092 3104 super

54 3133 139 3191 um,
164 3118 239 3177 sicut
265 3117 391 3193 prudens
422 3116 565 3189 medicus,
594 3116 694 3176 voleus
714 3115 856 3175 infirmam
876 3115 960 3192 plene
983 3122 1012 3175 et
1033 3119 1089 3175 cito

53 3221 169 3277 smne,
189 3202 360 3265 medicinam
381 3206 468 3263 etiam
489 3205 663 3263 contritionis
684 3204 820 3279 probare,
841 3205 987 3279 praecepit
1008 3205 1091 3261 utin

56 3290 108 3353 uli
130 3296 211 3351 rosto
232 3291 273 3351 ibi
293 3296 451 3367 appareret,
471 3292 501 3349 iu
523 3290 600 3366 quali
619 3297 738 3349 venerat
759 3290 797 3348 ad
818 3290 917 3365 filium,
938 3308 1005 3349 cum
1019 3306 1091 3365 peo-

53 3384 145 3439 met
187 3376 242 3439 Illa
262 3378 457 3437 confusionem
477 3384 623 3436 aeternam
643 3376 792 3452 temporali
813 3385 999 3453 anteponens,
1023 3393 1092 3436 mox

53 3465 164 3539 exirit,
176 3472 281 3525 uestes
303 3464 449 3540 deposuit,
469 3465 499 3521 in
521 3465 638 3523 camisia
659 3464 760 3537 rediit,
783 3470 812 3522 ct
834 3481 921 3539 quam
942 3464 1091 3540 paratissi-

53 3568 105 3613 me
127 3550 201 3613 foret
221 3552 260 3613 ad
281 3568 395 3611 omnem
422 3550 659 3625 satisfactionem,
686 3552 716 3608 iu
746 3550 797 3608 tali
829 3551 992 3610 obedientia
1024 3551 1092 3610 satis

53 3637 183 3701 ostendit
199 3634 231 3719 ¹).
279 3636 468 3698 Considersns
500 3638 545 3695 vir
582 3637 797 3712 literatissimns,
827 3638 878 3697 tali
900 3637 1092 3710 obedieutiae,

71 3788 106 3859 f)
123 3788 185 3843 he·
201 3788 228 3855 ⁷,
243 3788 287 3841 47.
304 3816 336 3829 —
355 3787 388 3857 2)
404 3786 444 3841 GP
460 3802 622 3856 percussa.
642 3816 673 3828 -
692 3787 724 3856 3)
742 3786 1030 3841 decemremem.
