2460 4162
411 203 467 311 nu
488 248 752 311 rnnrnmonx.
1033 250 1095 310 oso

60 374 157 433 rative
178 369 341 431 luxuriam?
383 372 430 432 De
450 372 500 432 illa
522 373 604 433 dicit:
632 374 733 432 Videte
753 390 792 431 rte
812 372 1097 448 cordoomtropro—

60 467 175 520 vcntur
193 463 227 518 in
248 459 374 534 crapula
396 467 423 519 ct
445 459 583 519 ebrietate
598 457 626 530 ¹).
668 459 715 518 De
736 461 791 518 ista
811 476 896 518 vero:
919 460 985 518 Sint
1006 458 1099 518 lumbi

61 550 155 608 vestri
183 543 390 624 pauonum.
431 545 665 606 MONACHUS:
697 546 826 605 Noverat
859 545 975 605 Creator
1010 547 1098 604 totius

62 639 199 708 naturae,
226 632 262 692 de
293 631 363 708 gula
390 632 531 691 luxuriam
560 635 639 708 oriri,
669 632 801 707 illiusque
828 628 960 692 lomentis
990 633 1098 690 nutriri.

63 715 242 799 demutor)
271 720 364 777 ventri
399 721 616 795 coniunguntur.
670 719 716 778 Ac
744 721 767 777 si
802 718 909 778 diceret
941 719 1097 777 Dominus:

62 806 109 866 Ne
129 806 183 865 tias
204 805 381 880 luxuriosus,
408 805 493 881 gulae
526 806 642 881 indulge
662 802 813 885 parcium).
855 805 923 865 Sine
946 804 1048 864 Cerere
1069 812 1099 876 et

62 892 164 953 Bacho
184 892 268 969 friget
288 888 426 971 Venus⁵).
470 892 537 951 Tria
559 899 625 951 sunt
646 910 720 967 quae
748 892 876 951 fomitem
903 891 1031 951 luxuriae
1052 894 1098 949 ln-

62 979 227 1054 flammant,
255 981 348 1038 victus
376 978 594 1053 immoderatus,
626 982 746 1038 vestitus
772 982 929 1054 pretiosus,
960 979 1098 1037 otiositas.

62 1065 146 1126 Haec
167 1067 222 1124 tria
241 1064 387 1140 Propheta
407 1065 494 1123 luisse
517 1066 584 1124 dicit
604 1067 782 1140 iniquitatem
792 1065 944 1139 Sodomae,
966 1064 1099 1124 videlieet

61 1154 253 1213 uoluntatem
269 1155 372 1227 porcia,
399 1151 429 1209 id
451 1158 509 1226 est,
538 1152 651 1235 gulam,
680 1152 848 1226 superbiam
869 1156 963 1224 vitoe,
992 1151 1099 1211 scilicet

61 1238 291 1315 superfluitatem
305 1241 440 1296 vestium:
461 1255 513 1313 por
525 1256 599 1313 quae
608 1234 628 1317 ⁶)
650 1238 738 1297 libido
753 1244 939 1313 provocatum
963 1245 991 1297 ct
1004 1241 1098 1298 otium

61 1329 155 1402 peior
177 1325 353 1402 altiliorum
376 1325 555 1400 altiliorum
577 1323 682 1402 oics¹).
724 1324 818 1384 Multa
846 1325 936 1399 mala,
965 1331 997 1382 ut
1029 1325 1098 1383 dicit

61 1411 211 1486 Salomon,
231 1411 327 1471 docuit
349 1413 486 1470 otiositas.
528 1411 626 1470 David
646 1416 761 1487 propter
783 1415 873 1471 otium
885 1413 1016 1487 peccavit
1031 1429 1098 1471 oum

60 1496 210 1559 Bersabee
219 1495 250 1578 8).
293 1496 376 1556 Unde
399 1497 515 1572 quidam
536 1501 590 1557 ait:

221 1575 337 1643 Otia'si
359 1585 453 1656 tollas,
470 1588 585 1658 periere
609 1583 759 1659 Cupidinis
782 1582 901 1664 arleff).

61 1670 144 1731 Mala
165 1671 258 1732 bestia
279 1676 323 1730 est
343 1670 463 1744 luxuria,
485 1672 621 1730 castitatis
642 1673 801 1745 impatiens,
822 1670 892 1729 nulli
906 1672 985 1729 sexui
999 1673 1098 1745 parcit,

61 1760 113 1818 vix
132 1757 259 1833 aliquem
287 1759 433 1832 quiescere
460 1759 534 1814 sinit.
576 1758 690 1816 Excitat
712 1757 897 1832 dormientes,
930 1760 1054 1816 concitat
1069 1754 1097 1837 ¹⁰)

61 1844 230 1922 vigilantes,
250 1861 327 1903 nunc
349 1860 400 1919 per
420 1850 515 1902 motus
537 1844 696 1916 naturales,
722 1861 798 1902 nunc
819 1861 871 1918 per
893 1846 1098 1919 cogitationes,

59 1948 139 1993 nunc
160 1948 212 2008 per
232 1932 338 1991 formas
360 1930 449 1989 oeulis
471 1931 622 1989 subiectas.
666 1931 771 1990 Tentat
798 1933 979 2005 incipientes,
1007 1937 1099 1990 tentat-

59 2017 251 2097 prolicientes,
272 2022 364 2077 tentat
383 2017 533 2091 perlectos.
576 2016 779 2078 NOVIOIUS:
801 2016 877 2077 Satis
898 2017 995 2076 audivi
1012 2018 1128 2075 luxu-.

61 2107 123 2164 riae
142 2105 284 2181 pericula,
311 2104 408 2162 audivi
421 2100 450 2183 ¹¹)
486 2110 514 2162 et
543 2111 641 2163 contra
668 2104 746 2162 illam
768 2104 994 2179 medicamenta,
1023 2122 1098 2164 nunc

60 2208 165 2270 precor
192 2198 225 2250 ut
250 2192 407 2267 subiungas
436 2190 574 2265 exempla.
618 2189 852 2250 MONACHUS:
885 2190 950 2250 Non
980 2191 1016 2250 de
1044 2191 1098 2250 illis

61 2277 159 2339 dicere
179 2278 256 2354 volo,
279 2279 328 2353 qui
349 2277 477 2335 luxuriae
499 2280 706 2337 consentientes
729 2277 899 2351 ceciderunt,
921 2278 972 2337 sed
994 2280 1043 2353 qui
1060 2279 1097 2338 ab

61 2382 99 2427 cc
121 2368 224 2427 tentati
247 2371 276 2424 et
298 2366 488 2438 conquassati,
509 2363 566 2422 Dei
587 2367 679 2439 gratia
700 2367 861 2423 conservati
882 2371 956 2423 sunt.

399 2537 633 2603 CAPITULUM
654 2537 765 2596 xciii.

103 2660 154 2719 Dc
173 2661 265 2718 milite
286 2675 433 2731 convoco,
456 2677 542 2735 qoem
563 2676 643 2717 uxor
665 2665 794 2734 tompore
812 2657 999 2734 probotionis
1014 2655 1045 2734 ¹²)

513 2748 654 2820 repetiuit.

126 2863 212 2924 Miles
234 2864 349 2940 quidam
372 2865 451 2923 dives
483 2872 512 2924 et
539 2865 692 2938 honestus,
725 2882 804 2923 moro
837 2863 1029 2923 ecclesiastico
1058 2863 1095 2921 ab
1128 2907 1131 2911 J

59 2967 226 3013 uxorema
247 2958 404 3028 separatus,
425 2952 463 3011 ad
486 2952 630 3026 quandam
652 2952 769 3010 domum
792 2951 897 3010 ordinis
908 2952 996 3009 nostri
1005 2951 1097 3026 gratia

59 3040 256 3099 conversionis
283 3041 370 3097 venit
414 3037 467 3096 Cui
494 3041 589 3097 omnia
617 3056 670 3096 sua
698 3038 831 3112 contulit,
860 3037 910 3095 tali
937 3044 1035 3112 paeto,
1064 3043 1097 3096 ut

59 3124 165 3185 domus
186 3124 287 3184 eadem
309 3127 397 3197 uxori,
420 3125 515 3201 quoad
537 3128 655 3199 viveret,
677 3131 784 3184 certam
806 3127 964 3200 assignaret
979 3126 1096 3199 pensio-

58 3228 147 3287 um,
169 3213 293 3288 quaein
315 3210 379 3270 loco
402 3204 534 3288 religioso
556 3214 646 3270 vitam
668 3214 837 3287 promiserat
858 3211 961 3270 ducere
977 3207 1006 3290 ¹³)
1028 3210 1096 3269 roli-

76 3328 111 3399 t)
125 3328 188 3383 tue.
198 3327 242 3393 21,
254 3327 296 3379 34.
311 3328 382 3394 -2)
400 3327 458 3379 luc.
479 3327 520 3391 12,
538 3329 580 3380 35.
596 3327 700 3394 -3)c
716 3327 878 3396 genitalia
897 3330 989 3378 enirn.
1008 3326 1095 3378 lsidor.

128 3397 243 3451 Sentent.
257 3396 294 3448 cle
312 3397 412 3449 Summo
431 3397 492 3450 Bon.
511 3397 541 3460 ll
558 3398 601 3458 42,
618 3398 648 3450 4:
673 3398 714 3463 ,in
736 3396 824 3448 ordine
843 3413 949 3464 namquo
967 3397 1095 3448 membro-

127 3482 185 3589 ίἷκιιιιιι
202 3467 326 3603 ςειιὶῑιίἔῖ
344 3468 435 3588 ἷειιῑτίι
449 3460 667 3589 ὶιὲιιςιιιιὲιξιτῗίν-5
686 3466 719 3586 46)
737 3467 881 3601 llicrggygr.
904 3469 929 3517 in
947 3481 1002 3532 cap.
1021 3467 1039 3517 1.
1062 3465 1095 3602 ἓξ

148 3552 219 3588 rum.
238 3566 269 3577 -
363 3552 442 3587 eren.
484 3553 573 3587 nnuc.
714 3573 719 3584 .
741 3567 770 3575 -
905 3552 980 3586 uam.
1007 3565 1036 3574 —-

126 3605 221 3659 uzeca
243 3606 282 3669 16,
299 3607 343 3657 49.
361 3635 393 3644 -
416 3606 447 3672 8)
466 3605 527 3673 lieg.
545 3607 575 3668 ll,
595 3573 635 3656 11'.
654 3574 686 3643 -’
705 3605 737 3672 9)
755 3605 795 3658 GP
812 3552 915 3657 urcuqs.
945 3605 1037 3656 Versus
1055 3613 1095 3657 est

127 3673 213 3730 Ovidii
230 3674 332 3727 Remed.
350 3676 436 3727 Amor.
457 3675 557 3726 las-
576 3675 652 3741 10)B
670 3676 818 3727 concitat
836 3683 918 3726 et-
938 3675 986 3741 11)
1005 3674 1095 3726 audi·

127 3743 162 3797 vi
178 3758 221 3797 om
238 3745 366 3814 u.-12)
376 3744 441 3798 ADP
459 3743 766 3813 tentationis-13)
786 3744 826 3798 Bc
843 3743 963 3796 ducere
981 3745 1094 3811 prorni-

126 3821 226 3867 cerat.
