2438 4170
90 252 152 312 ets
411 248 638 312 DISTINOTIO
666 248 800 312 SEXTA

88 373 139 434 tali
160 373 301 450 dederim,
329 391 417 450 quam
438 376 499 449 ipse
521 373 651 448 quidem,
682 380 715 433 ut
742 390 797 432 vos
817 369 935 449 videtis,
963 389 1053 432 manu
1071 386 1116 433 sut

89 464 196 539 recipit,
217 479 271 521 nec
293 461 401 536 aliquid
417 462 592 520 contradicit
634 461 802 520 Dicentibus
823 458 887 535 illis,
908 466 997 520 testes
1020 477 1115 534 sumus,

89 565 158 607 mox
178 551 284 625 recepit
303 550 462 623 pecuniam,
484 554 514 607 et
533 550 631 607 reiecit
652 556 764 606 terram.
806 546 905 623 Mane,
925 549 1044 606 testibus
1065 549 1112 606 cis·
1157 562 1159 569 ·

90 634 156 694 dem
176 635 318 709 adhibitis,
339 639 452 694 vineam
467 635 521 693 sibi
542 635 714 693 vendicavit
757 634 843 710 Quod
865 652 932 693 curn
952 635 1048 694 relicta
1068 633 1110 693 de·

88 721 178 781 iuncti
208 722 366 796 didicisset,
399 729 517 797 stupens
550 724 686 795 accurrit,
719 726 748 779 et
780 722 963 796 contradixit,
995 738 1107 781 asserens

89 825 183 884 neque
204 811 336 867 maritum
358 826 451 884 neque
473 826 504 868 se
525 812 640 868 vineam
660 808 738 866 illam
759 796 928 884 Praeposito
948 808 1104 882 vendidisse,

89 912 184 970 neque
213 912 340 970 unquam
367 898 506 972 pecuniae
535 894 642 970 aliquid
669 912 721 971 pro
751 912 786 954 ea
807 898 959 971 recepisse
1001 895 1048 954 Cui
1065 893 1101 954 ille

88 982 248 1057 respondit:
269 983 333 1059 Ego
354 990 434 1042 tanto
455 985 570 1041 vineam
592 984 769 1057 comparavi,
790 985 943 1056 pecuniam
964 983 1016 1042 suh
1034 983 1099 1040 testi·

87 1072 184 1127 monio
204 1070 307 1128 horum
329 1072 510 1129 scabinomm
532 1073 561 1126 in
590 1087 691 1128 manus
713 1071 765 1128 viri
785 1072 827 1127 tui
848 1072 948 1145 posui,
974 1084 1024 1128 nec
1041 1085 1096 1128 ceu·

87 1155 209 1220 nedixit.
252 1155 333 1232 Quae
356 1175 387 1216 se
408 1156 478 1214 nihil
498 1155 598 1215 videns
619 1156 771 1231 proficere,
793 1156 831 1214 ad
852 1157 963 1232 Regem
985 1157 1096 1228 cucurn't,

88 1242 124 1302 de
145 1243 280 1302 violentia
293 1244 452 1320 Praepositi
473 1243 512 1300 illi
533 1260 718 1318 conquerens.
760 1243 814 1302 Illo
837 1244 890 1302 sub
913 1243 1111 1319 praedictorum-

86 1333 247 1390 testimonio
278 1331 502 1404 contradicente,
534 1330 612 1405 Rex,
644 1333 712 1405 quia
739 1330 901 1389 audientiae
928 1347 1026 1407 vacere
1039 1344 1095 1386 nou

88 1421 188 1492 potuit,
210 1416 381 1492 quibusdam
403 1434 520 1476 caumm
542 1419 690 1477 commisit
733 1415 788 1492 Qui
802 1419 963 1477 testimonio
984 1417 1094 1476 scabino·

88 1521 151 1562 rum
173 1504 293 1580 decepti,
314 1507 341 1562 in
363 1511 474 1580 partem
495 1504 655 1579 Praepositi
676 1504 863 1579 declinantes,
885 1521 936 1580 pro
965 1520 998 1564 eo
1018 1508 1096 1562 contra

88 1591 205 1650 viduam
227 1591 330 1650 dedere
351 1594 530 1650 sententiam.
572 1591 654 1649 Tunc
675 1591 723 1649 illa
750 1590 872 1667 amphus
894 1592 1018 1666 turbata,
1045 1604 1096 1649 euru

87 1679 162 1755 Regi
183 1679 313 1737 clamosis
330 1675 346 1756 ¹)
375 1679 488 1737 fletibus
516 1679 599 1735 nimis
632 1685 707 1736 esset
734 1679 910 1754 importuna,
942 1679 1004 1737 Rex
1028 1682 1098 1736 testes

88 1768 186 1824 vocari
206 1767 295 1839 iussit,
317 1772 345 1823 et
367 1768 448 1839 quasi
460 1762 481 1844 ²)
502 1767 546 1823 vir
566 1764 691 1839 prudens
702 1761 732 1842 ³),
753 1765 907 1840 prudenter
926 1766 989 1824 illos
1009 1764 1098 1824 exami-

89 1855 183 1926 navit,
206 1854 343 1911 accersito
353 1844 375 1931 ⁴)
397 1854 475 1927 prius
497 1867 568 1925 uno,
590 1857 619 1909 et
640 1851 718 1910 solus
739 1851 859 1926 loquens
881 1869 947 1911 cum
967 1851 1038 1926 solo,
1058 1852 1101 1909 eit:

89 1937 172 1997 Nosti
192 1939 372 1997 Dominieam
401 1937 579 1997 orationem?
622 1937 824 2013 Respondentc
853 1939 916 1997 illo:
948 1939 1035 2013 Novi,
1060 1936 1104 1995 do·

89 2028 179 2100 mine3
209 2027 353 2084 subiunxit
380 2026 457 2084 Rex:
488 2025 543 2084 Dio
572 2041 639 2100 ergo
667 2025 743 2083 illam
772 2043 819 2084 me
847 2025 989 2084 audiente.
1034 2022 1107 2101 Quod

90 2128 156 2170 cum
176 2112 304 2186 fecisset,
332 2112 402 2170 nihil
424 2112 501 2170 aliud
523 2115 547 2171 ei
569 2111 701 2189 loquens,
731 2115 876 2187 praecepit
896 2118 929 2170 ut
950 2115 978 2170 in
998 2114 1110 2171 vicinam

90 2215 232 2258 cameram
260 2217 361 2274 parum
384 2199 529 2258 secederet
541 2196 570 2278 ⁵).
612 2199 651 2255 Et
672 2199 817 2257 advocans
839 2199 974 2274 alterum,
995 2201 1111 2258 severius

88 2303 156 2344 eum
185 2285 325 2344 allocutus
356 2293 413 2360 est,
446 2287 556 2345 dicens:
587 2285 686 2344 Socius
715 2293 781 2344 tuus
812 2284 847 2344 de
875 2290 960 2345 vinea
987 2287 1036 2346 illa
1062 2294 1114 2344 tum

89 2369 230 2451 meram⁶)
263 2372 332 2429 mihi
364 2373 458 2431 rctuht
489 2376 657 2446 veritatem,
694 2376 767 2432 sicut
800 2379 844 2431 est
876 2380 1008 2432 sanctum
1038 2374 1116 2432 Pater

88 2466 198 2533 noster,
228 2477 284 2534 quo
313 2459 382 2516 nihil
411 2467 454 2518 est
481 2463 584 2518 verius.
628 2460 712 2534 Quod
741 2463 764 2517 si
792 2460 829 2518 ab
853 2477 887 2519 eo
910 2461 1118 2534 discordaverit,

88 2549 221 2621 punieris,
264 2545 428 2604 Aestimans
451 2546 505 2620 illc,
528 2548 594 2620 quia
608 2546 681 2622 licgi
704 2549 799 2605 omnia
818 2546 943 2621 dixisset,
966 2550 1069 2607 timeus
1089 2564 1120 2606 ac

88 2640 211 2692 tremens
223 2633 260 2691 ad
269 2634 358 2708 pedes
370 2637 429 2692 eius
442 2636 554 2705 corruit,
576 2633 686 2691 dicens:
708 2634 882 2691 Miseremini
892 2638 993 2709 nostri,
1004 2635 1121 2709 domine,

90 2723 156 2795 quia
179 2724 218 2779 sic
245 2724 334 2779 etsie
356 2722 481 2794 lecimus,
504 2720 702 2795 aPraeposito
725 2727 820 2778 vestro
834 2717 853 2799 ²)
871 2721 989 2779 inducti.
1034 2722 1123 2781 Iratus

89 2807 152 2866 ch
163 2807 256 2883 valde,
272 2811 385 2866 vincam
396 2808 500 2866 viduae
514 2810 643 2882 restituit,
658 2815 685 2865 ct
692 2808 890 2881 Praepositum
897 2811 1000 2867 vivum
1015 2809 1124 2885 sepeliri

87 2898 240 2968 praecepit.
283 2894 485 2954 NOVIOIUS:
514 2894 598 2952 Juste
621 2900 715 2951 actum
745 2900 801 2967 est,
831 2900 863 2951 ut
883 2896 906 2952 is
930 2898 993 2954 sine
1016 2900 1124 2956 miseri-

89 2982 184 3039 cordia
198 2982 369 3040 infoderetur
382 2984 474 3053 vivus,
497 3000 515 3039 a
538 2998 594 3055 quo
608 2980 761 3038 inhumane
776 2988 904 3039 mortuus
922 2982 1020 3042 fuerat
1043 2985 1125 3043 effos-

87 3085 146 3125 sus.
188 3067 422 3127 MONACHUS:
445 3069 543 3126 Poena
564 3070 676 3142 peccati
697 3087 714 3126 a
736 3068 800 3126 Deo
823 3074 881 3142 est,
907 3075 938 3126 et
959 3069 994 3128 fit
1017 3075 1127 3146 saepis·

88 3155 173 3226 sime,
199 3161 231 3210 ut
251 3156 408 3213 secundum
429 3156 546 3214 modum
569 3155 669 3229 culpae
690 3156 825 3215 formetur
847 3155 951 3215 modus
974 3159 1126 3218 vindictae.

88 3240 133 3298 De
156 3258 212 3315 quo
234 3242 285 3300 tibi
307 3244 478 3319 subiungam
500 3242 638 3318 exempla,

106 3620 136 3687 1)
153 3619 174 3671 B
192 3620 395 3671 clamorosis.
416 3651 446 3660 —
466 3622 497 3687 2)
515 3620 572 3671 libri
590 3623 672 3688 quia.
692 3651 722 3661 -
743 3619 866 3688 spriritu
885 3620 1038 3687 prudens
1057 3625 1130 3685 luit,

156 3690 337 3757 Dprudens
356 3699 438 3753 erat,
456 3692 496 3742 ΒΟ
514 3691 657 3756 prudens
676 3699 731 3741 est.
751 3691 820 3742 Conl.
834 3690 931 3751 1V,50.
947 3721 979 3731 -
999 3695 1129 3761 once?

154 3763 268 3812 accito.
288 3791 318 3800 —
339 3762 370 3830 5)
395 3760 415 3812 B
434 3760 609 3811 secederet
628 3777 745 3827 purum.
765 3790 794 3799 -
815 3761 846 3827 6)
865 3759 885 3812 G
902 3776 1027 3816 ueram.
1048 3795 1079 3805 -
1099 3766 1130 3833 t)

146 3831 190 3886 ΒΡ
205 3841 332 3888 nostro.
