2460 4162
439 248 494 311 DE
515 248 778 316 ΤΕΝΤΑΤΙΟΝΕ.
1057 255 1117 312 249

402 406 635 467 CAPITULUM
656 407 802 467 LXXXI.

173 528 222 588 De
241 531 366 602 uocato,
388 547 475 605 quem
497 528 632 588 diabolus
651 529 785 606 formam
807 530 1026 606 dimidii-partis

453 615 602 691 offerendo
625 617 742 692 decepit.

144 735 226 796 Siout
245 735 348 796 referre
370 734 464 796 solent
490 739 580 797 nostri
608 740 747 812 seniores,
776 740 805 796 in
827 737 1040 798 Hcmmcnrode
1062 741 1116 798 sub

75 825 175 899 specle
196 823 291 899 angeli
314 822 437 882 daemon
452 820 469 902 ¹)
494 823 607 883 cuidam
628 825 769 884 monacho
793 828 887 882 minus
911 826 1118 901 circumspecto

43 986 46 991 Ι
74 927 130 987 per
150 908 261 985 aliquot
289 909 349 969 dies
370 912 400 968 in
421 928 522 970 mensa
542 911 664 970 formam
686 910 794 969 dimidii
815 914 898 986 panis
921 912 1059 987 ostendit,
1090 924 1118 973 et

11 986 15 991 ’
74 1014 114 1057 ns
135 995 201 1072 plus
222 996 306 1055 simul
326 1004 451 1056 sumeret
472 997 604 1056 dissuasit
615 994 645 1076 ²).
697 996 832 1057 Obedivit
853 998 899 1057 ille
922 997 1063 1075 daemoni,
1089 1009 1117 1059 et

75 1088 145 1160 post
166 1083 254 1142 breve
276 1089 388 1159 tempus
410 1090 520 1143 tautam
543 1076 719 1143 debilitatem
743 1088 868 1159 corporis
889 1087 1013 1161 incurrit,
1034 1093 1067 1144 ut
1087 1090 1116 1145 in

75 1187 165 1230 sensu
188 1169 322 1229 deficeret
345 1177 373 1229 ct
390 1173 503 1245 periret.
532 1169 735 1231 NOVICIUS:
768 1171 873 1229 Dixisti
895 1175 1043 1247 superius,
1061 1192 1117 1250 gu-

74 1257 137 1318 lam
157 1259 343 1331 prostravisse
371 1257 445 1316 fflios
465 1257 556 1316 Israel
582 1261 611 1315 in
640 1256 761 1317 deserto.
805 1258 889 1334 Quod
917 1276 984 1336 ergo
1013 1262 1116 1350 incita—

77 1348 209 1403 mentum
240 1343 325 1420 gulae
347 1343 460 1402 videtur
488 1346 541 1403 tibi
572 1347 694 1403 maxime
727 1345 814 1404 fuisse
837 1363 925 1404 causa
955 1345 1029 1404 illius
1051 1347 1117 1422 pla·

77 1429 155 1507 gae?
197 1428 430 1490 MONAGHUS:
459 1430 641 1490 Desiderium
668 1435 804 1491 carnium.
848 1432 921 1490 Cum
949 1435 1024 1492 enim
1051 1434 1140 1493 Do-.

78 1519 177 1576 minus
192 1516 316 1576 dedisset
338 1519 379 1576 eis
393 1534 506 1592 manna,
527 1535 631 1593 panem
653 1517 828 1594 angelorum,
851 1536 934 1578 omne
955 1519 1066 1578 habens
1087 1524 1116 1579 in

78 1620 112 1663 se
141 1602 386 1662 'delectamentum
399 1601 435 1684 ³),
467 1607 569 1680 ingrati
602 1611 681 1663 tanto
713 1605 868 1679 benefici0‚
900 1608 1117 1666 murmurabant

79 1695 182 1750 contra
201 1689 324 1766 Moysen
347 1690 487 1750 dicentes:
518 1692 590 1768 Qrtic
616 1690 698 1750 dubit
725 1691 809 1750 nobie
838 1693 880 1750 ud
907 1693 1116 1752 comedendum

78 1777 207 1835 cuntes?
229 1777 436 1836 Recordemur
447 1781 581 1852 piscium,
603 1795 677 1854 quos
695 1777 916 1838 comedebamus
937 1782 970 1837 iu
981 1781 1115 1857 Aeoypto

80 1866 186 1940 qratia
228 1863 267 1922 lu
294 1871 420 1922 mentem
447 1863 531 1922 uobis
562 1856 685 1924 oeuiuut
706 1883 871 1924 cumoueres
894 1872 922 1923 ct
940 1883 1066 1940 pepouee
1088 1875 1116 1925 et

80 1968 151 2026 cepe
172 1957 199 2009 et
227 1951 312 2009 albu.
349 1952 460 2008 Auimu
488 1958 591 2009 nostru
616 1951 705 2010 crido
727 1959 793 2010 est·
819 1953 901 2010 Nibil
917 1953 1002 2010 aliud
1021 1958 1114 2028 remi-

79 2040 164 2096 oiuat
191 2038 269 2095 oculi
293 2041 389 2096 bostri
416 2040 472 2095 uisi
491 2034 650 2115 monum).
692 2038 780 2096 Etiu
802 2037 858 2097 alio
880 2039 960 2097 loco:
991 2034 1114 2098 ‘Animo

78 2129 186 2182 mosim
214 2131 342 2182 nauseat
361 2142 450 2198 super
482 2123 545 2182 cibo
574 2128 630 2183 isto
659 2125 801 2183 leuissimo
815 2122 846 2194 ⁵),
889 2126 979 2184 Vides
1008 2133 1115 2201 quanta

77 2210 263 2286 ingratitudo,
285 2217 313 2268 et
335 2227 401 2268 cum
423 2216 531 2285 quanto
552 2209 666 2287 iurgio?
701 2211 821 2287 Culpam
842 2230 909 2270 mox
928 2229 1022 2288 poena
1043 2205 1114 2272 sub-

77 2294 237 2377 sequens⁶)
261 2296 395 2356 denudat.
437 2298 555 2371 Adbuc,
575 2299 681 2372 inquit,
704 2305 790 2356 erum
817 2317 920 2357 carmes
948 2303 980 2358 iu
1009 2317 1059 2359 ore
1088 2309 1115 2359 et

77 2381 216 2443 dentibus
238 2401 348 2455 eorum,
369 2401 422 2441 uec
436 2384 582 2459 defecerat
593 2385 761 2443 huiusmodi
775 2384 855 2443 cibus
861 2407 872 2461 ,·
895 2393 921 2443 et
944 2403 1006 2444 ecoe
1023 2386 1115 2462 furor·

77 2471 204 2546 Domini
225 2474 387 2541 concitat-uc
408 2474 440 2528 iu
460 2472 617 2545 populum,
635 2475 780 2544 percussit
801 2491 868 2530 eum
885 2473 981 2547 playa
1001 2492 1115 2548 maurae

76 2559 168 2615 nimie
181 2555 212 2629 ²).
256 2557 349 2632 Saepe
372 2555 502 2615 diabolus
530 2557 676 2633 religiosos
705 2575 756 2632 per
785 2576 883 2617 carnes
905 2565 1009 2635 tentat,
1038 2577 1114 2619 nuuc

77 2642 275 2718 dormitantes,
295 2662 371 2703 nunc
385 2644 544 2719 vigilantes,
565 2661 641 2702 nunc
658 2645 813 2720 visibiliter,
834 2663 909 2703 nunc
928 2646 1113 2705 invisibiliter.

76 2729 229 2807 Quosdam
249 2732 345 2805 vincit,
370 2748 389 2789 a
410 2730 582 2804 quibusdam
603 2733 733 2789 vincitur.
776 2729 978 2791 NOVICIUS:
1001 2733 1047 2794 De
1069 2733 1113 2792 his
1139 2720 1142 2733 ¹

75 2816 324 2876 mansuescat
353 2817 492 2892 exempla
534 2815 770 2877 MONAGHUS:
792 2819 932 2895 Exempla
955 2822 1023 2878 satis
1045 2838 1113 2880 vera

76 2910 108 2962 ct
129 2904 280 2964 manifesta
301 2905 353 2963 tibi
375 2904 477 2963 dicam.

371 3075 604 3136 cnrmunuu
626 3074 823 3158 uxxxuu

115 3197 165 3257 De
185 3197 321 3257 Amoldo
342 3200 495 3271 monacho,
518 3200 565 3256 cui
586 3201 618 3256 iu
639 3200 727 3258 cboro
751 3200 924 3259 domuituuti
946 3200 1081 3261 diabolus

476 3303 579 3344 coemes
601 3285 715 3344 obtulit.

141 3405 208 3466 Non
229 3412 274 3465 est
294 3406 351 3481 diu,
370 3405 448 3481 quod
469 3407 627 3466 monachus
649 3406 766 3482 quidam
787 3407 865 3483 apud
887 3425 940 3467 nos
962 3398 1120 3470 defunctus

74 3500 130 3567 est,
150 3492 296 3552 Amoldus
318 3496 440 3568 nomine,
464 3493 601 3552 Coloniae
622 3496 651 3551 in
666 3495 786 3553 ecclesia
808 3501 971 3554 sauctorum
981 3496 1112 3572 Aposto·
1211 3500 1215 3505 '

92 3610 127 3677 1)
144 3607 187 3665 Bc
210 3607 347 3661 daemon
371 3609 428 3661 sub
451 3611 564 3677 specie
586 3610 706 3678 augeli.
726 3640 756 3649 -
776 3611 808 3678 2)
830 3610 913 3663 ACDP
937 3617 1111 3679 persuasit.

148 3707 179 3717 -
198 3679 231 3747 3)
247 3679 358 3747 sapient.
378 3681 419 3743 16,
437 3681 478 3731 20.
490 3709 523 3718 —
541 3679 573 3747 4)
590 3680 691 3732 Numer.
711 3680 752 3743 11,
770 3681 846 3735 4-6.
859 3711 888 3719 -
909 3683 940 3748 5)
957 3682 1111 3746 Numen21,

145 3751 172 3801 5.
188 3777 220 3789 -
239 3748 301 3818 6)ss
317 3764 387 3801 mox
404 3748 606 3817 subsequens
624 3764 738 3818 poena,
754 3750 774 3801 D
792 3765 895 3816 poena
913 3767 981 3803 mox
999 3752 1113 3805 subsc·
1222 3794 1226 3819 ,

145 3832 255 3887 quens.
278 3848 308 3859 -
331 3819 363 3887 7)
381 3818 482 3872 Numer.
502 3819 604 3884 11,33.
624 3850 654 3861 ·-
674 3819 707 3888 *J
724 3818 861 3969 Home&
880 3836 906 3888 p.
923 3822 965 3874 48.
