2460 4162
436 240 491 303 DE
513 239 778 303 TENTATIONE.
1059 243 1119 303 253

84 364 273 440 desiderasse,
294 370 324 424 at
344 376 467 441 poenam
489 364 617 425 eiusdem
637 354 757 441 peecati'
768 363 929 424 illusionem
949 363 1036 424 fusse
1058 364 1122 423 dia·
1148 395 1151 403 ,

82 442 155 515 boli.
174 526 177 531 .
196 449 431 512 MONAGHUS:
453 451 528 513 Hoc·
540 453 611 511 satis
623 452 771 529 probabile
787 458 838 510 est.
881 452 938 511 Per
958 450 1015 511 boe
1037 455 1124 513 etiam

85 538 166 614 quod
186 538 237 597 tilii
256 538 347 598 Israel
369 556 434 598 cum
449 540 582 616 carnibus
606 532 635 598 e't
651 539 779 615 piscibus
794 537 1025 599 desideraverunt
1038 555 1124 613 cepas

86 634 118 684 et
145 625 234 700 allea,
262 622 397 686 recordor
425 625 573 685 cuiusdam
600 625 777 701 periculosae
805 628 986 701 tentationis,
1008 628 1037 683 in
1066 641 1124 700 qua

10 750 15 762 ·
86 711 206 787 quidam
226 713 376 788 poenitens
396 730 448 789 per
469 712 544 772 allae
566 712 674 772 cecidit.

310 1005 313 1010 Δ
379 935 612 999 CAPITULUM
632 935 837 998 LXXXVHI.

203 1061 252 1119 De
273 1058 451 1119 Steinhardo
466 1060 630 1135 proditore,
653 1062 705 1135 qai
720 1078 778 1135 per·
800 1061 877 1118 olleo
898 1061 1007 1119 cecidit.

151 1198 237 1258 Duae
260 1200 444 1275 cognationes
458 1197 579 1257 militum
600 1200 630 1256 in
647 1198 823 1274 Episcopatu
844 1204 911 1257 sunt
925 1190 1086 1257 Coloniensi
1099 1195 1125 1278 ¹),

85 1292 149 1347 tam
170 1285 348 1345 multitudine
371 1303 458 1360 quam
480 1285 584 1344 divitis
613 1291 641 1344 et
669 1286 810 1361 probitate
836 1286 923 1344 sortes
945 1288 1014 1345 satis
1036 1291 1123 1360 atque

86 1375 296 1449 magnanimes.
339 1372 384 1430 Ex
413 1374 516 1446 quibus
538 1389 597 1431 una
623 1371 735 1431 illarum
747 1368 768 1452 ²)
791 1372 827 1431 de
855 1371 922 1431 villa
950 1368 1125 1453 Bacheim³)

87 1460 228 1536 originem
244 1458 335 1535 ducit3
352 1458 443 1518 altera
457 1458 584 1534 darilla,
606 1476 680 1534 quac
694 1458 856 1518 Gurzenioh
877 1465 1005 1518 vocatur.
1038 1459 1128 1517 Erant
1207 1495 1210 1499 -

86 1552 186 1607 autem
199 1543 221 1625 ⁴)
250 1548 324 1605 inter
352 1562 403 1604 eas
430 1545 602 1621 quandoque
624 1551 684 1604 tam
713 1545 826 1605 validae
856 1551 885 1604 et
912 1552 973 1604 tam
993 1545 1128 1604 mortales

87 1634 260 1706 inimicitiae,
281 1638 315 1692 ut
335 1637 404 1691 tunc
425 1635 561 1708 temporis
583 1651 601 1692 a
622 1632 700 1692 nullo
721 1632 880 1706 hominumt
901 1635 962 1691 sive
983 1632 1127 1708 Episcopo

87 1721 217 1795 ipsorum
240 1718 354 1779 domino
375 1727 494 1795 possent
514 1721 609 1794 sopiri,
634 1719 685 1778 sed
708 1719 834 1794 quotidie
855 1721 970 1794 rapinis,
990 1719 1127 1778 incendiis

88 1812 120 1865 et
140 1805 300 1883 homicidiis
322 1796 535 1880 tenerarentur.
578 1804 620 1864 At
647 1805 688 1863 illi
710 1805 746 1865 de
769 1804 980 1865 Gurzenichin
1001 1806 1128 1864 torminis

88 1894 151 1953 suis
170 1893 300 1952 fecermrt
325 1894 379 1951 sibi
401 1892 518 1952 domurn
546 1895 686 1951 munitam
711 1895 741 1949 in
762 1908 908 1968 nemore„
922 1909 980 1950 non
1009 1890 1126 1967 quidem

87 1980 190 2039 timore
212 1980 402 2054 inimicorum,
419 1978 472 2038 s'ed
492 1986 529 2037 ut
545 1979 585 2037 ibi
606 1985 723 2055 possent
745 1979 900 2053 confluere,
923 1980 1075 2053 quiescere,
1097 1985 1127 2037 et

86 2065 175 2125 simul
203 2065 388 2142 procedendo
413 2066 476 2125 illos
505 2068 611 2145 aerius¹
627 2069 803 2142 impugnare.
851 2065 1006 2124 Habentes
1028 2071 1127 2124 autem

86 2169 205 2213 serrum
226 2153 376 2228 quendam·
393 2155 582 2230 originarium,
604 2152 806 2211 Steinhardum
827 2154 955 2227 nomine,
977 2151 1043 2211 fidei
1066 2154 1127 2211 eius

88 2238 188 2299 claves
214 2241 378 2299 munitionis
405 2242 616 2301 commiserunt.
660 2239 713 2298 Ille
734 2257 820 2314 vero,
848 2241 984 2298 instinctu
1006 2238 1126 2313 diaboli,

87 2325 220 2386 clericulo
238 2329 374 2385 nuncium
387 2318 556 2386 adversariis
570 2325 678 2401 direxit,
700 2328 868 2401 promittens
890 2325 968 2401 quod
989 2333 1048 2385 tam
1072 2325 1125 2384 do-

87 2414 182 2473 minos
203 2430 272 2473 suos
294 2430 381 2488 quam
393 2415 579 2472 munitionem
600 2416 735 2488 potestati
756 2429 855 2472 eorum
875 2412 1007 2487 traderet,
1028 2414 1125 2481 neseio

86 2499 160 2574 quid
181 2517 286 2561 causae
308 2506 407 2560 contra
427 2500 491 2560 illos
513 2499 711 2575 praetendens.
753 2498 795 2558 At
815 2499 917 2575 milites
940 2499 975 2558 de
987 2500 1125 2558 Baebeim

86 2585 271 2646 traditionem
291 2590 439 2662 timentes,
467 2588 563 2646 verbis
585 2589 645 2645 eius
666 2588 760 2644 minus
782 2585 971 2645 attenderunt.
1015 2585 1149 2660 Quibus·

86 2690 156 2733 eum
176 2672 303 2733 secundo
333 2690 368 2733 ac
394 2675 479 2733 tertio
503 2672 625 2732 eundem
646 2675 782 2731 nuncium
805 2672 988 2746 destinasset,
1016 2672 1057 2730 illi
1079 2672 1125 2732 die

85 2759 215 2836 praefixo
244 2767 457 2834 coarmantes,
486 2767 515 2818 et
543 2777 609 2819 cum
636 2759 815 2818 multitudine
837 2761 937 2818 timore
958 2758 1124 2817 insidiarum

85 2848 244 2921 venientes,
265 2849 294 2904 in
316 2846 379 2905 loco
402 2846 499 2905 domui
521 2849 590 2905 satis
611 2848 705 2905 vicino
728 2862 844 2904 servum
864 2845 1029 2921 praestolati
1050 2850 1124 2904 s'unt.

85 2932 136 2993 Ad
158 2950 231 3008 quos
252 2933 380 3008 proditor
400 2936 505 3008 eniens,
527 2951 594 2992 cum
614 2933 709 2992 adhue
723 2931 904 3006 haesitarent,
927 2932 1019 2991 allatis
1031 2935 1124 2990 omni·

85 3037 137 3079 um
166 3020 344 3079 dominorum
365 3026 489 3094 suorum,
510 3023 539 3078 in
562 3019 709 3079 castellulo
731 3019 887 3078 meridiano
905 3025 1033 3095 tempore
1055 3018 1124 3078 dor·

83 3108 249 3181 mientium,
277 3107 393 3183 gladiis,
423 3114 515 3166 certos
543 3106 606 3165 illos
637 3108 737 3166 etl'ceit.
785 3105 834 3164 Ad
862 3121 933 3181 quos
956 3108 1057 3165 armati
1077 3109 1124 3164 in-

83 3198 203 3269 trantes,
224 3210 324 3254 omnes
346 3194 518 3267 occiderunt,
539 3210 654 3252 servum
670 3192 828 3252 secundum
849 3193 927 3268 quod
947 3193 988 3250 illi
1008 3196 1124 3253 iurave-

84 3276 198 3359 rant‘),
232 3283 259 3338 in
283 3298 335 3340 sua
356 3283 534 3357 recipientes.
577 3281 684 3340 Postea
704 3282 789 3339 miser
809 3279 871 3355 ille,
900 3278 936 3338 de
957 3287 1017 3367 tarn
1040 3297 1123 3340 exse·

104 3467 136 3536 1)
154 3466 554 3603 gotllzzilezzlffistctr-prassu
560 3465 848 3587 ιὲιοέῗὶἶιιθυῃιιξιέιῐεο
857 3465 936 3586 Ιιιῐιζιιειιῑι
944 3481 1060 3587 1{closedsoep
1067 3474 1124 3586 8οιειῖ

156 3614 208 3669 aet3
226 3605 272 3657 sed
282 3605 355 3657 simili
370 3605 444 3658 modo
458 3605 518 3656 dicit
528 3608 555 3656 in
573 3605 661 3657 llomil.
675 3604 715 3656 lV.
727 3622 751 3672 p.
766 3606 812 3657 94:
832 3622 879 3670 „ex
891 3605 981 3673 quibus
996 3552 1123 3672 quaefibet

154 3674 250 3727 illarum
261 3675 316 3727 dies
334 3680 398 3728 est“
413 3706 443 3715 -
456 3676 487 3743 3)
506 3674 633 3738 bacheim,
651 3690 730 3741 prope
745 3674 870 3739 Erechen3
889 3675 1036 3739 Gurzenicb,
1053 3677 1122 3727 iuxta

154 3743 338 3797 semmurum.
353 3775 381 3785 -
403 3745 465 3815 AJB
484 3746 577 3809 enim3
595 3744 683 3798 moxO
702 3747 787 3796 inter
804 3760 911 3797 aos—
930 3746 963 3812 5)
980 3744 1019 3795 oP
1037 3746 1122 3796 inra-

156 3823 283 3867 verunt
