2438 4170
92 221 154 281 sos
409 218 637 282 nrsnmcmo
660 180 826 299 Qunam

92 344 178 404 castri
198 342 264 401 mei.
305 340 371 402 Non
390 348 504 419 poterat
525 359 557 402 se
579 345 731 420 continere,
752 345 822 419 quin
841 347 971 420 tempore
991 344 1107 405 orationis

92 433 122 489 in
143 429 198 488 illis
220 429 362 489 dormiret.
417 428 621 490 NOVICIUS:
652 430 685 490 Si
716 447 774 490 non
808 436 885 491 esset
915 431 1008 508 gravis
1036 430 1108 506 culpa

93 515 203 577 accidia
222 517 253 574 in
274 517 389 576 servitio
412 515 516 592 divino,
539 533 598 577 non
618 533 671 577 nos
691 519 733 578 its
754 516 888 577 diabolus
909 516 1039 577 adillsm
1055 517 1106 578 sol·

92 596 222 665 licitaret
264 600 500 664 MONAGHUS:
522 602 637 679 Quanta
665 605 702 664 sit
730 603 816 681 culpa
843 604 930 664 bidus
950 606 1021 681 vitii,
1047 620 1108 681 poe·

91 709 130 752 na
150 697 180 751 te
202 689 305 751 doceat
325 692 409 750 unius
430 689 574 751 accidiosi.

394 897 626 960 CAPITULUM
645 898 827 961 XXXVIII.

78 1022 139 1100 'Dc
152 1021 297 1081 monacho
318 1023 351 1080 in
368 1021 456 1080 choro
471 1020 644 1097 frequentor
656 1021 844 1095 dormitante,
867 1038 955 1097 qoem
970 1019 1106 1096 omm'tltttt

326 1111 359 1168 io
380 1109 506 1167 musitio
521 1110 669 1184 percussit
696 1114 723 1169 ct
746 1111 893 1168 exstinxit.

156 1246 214 1308 Vix
235 1251 302 1305 sunt
323 1245 380 1305 duo
402 1263 514 1306 menses
535 1245 639 1322 elapsi,
661 1245 739 1321 quod
761 1245 893 1307 dominus
913 1243 1014 1305 Abbas
1033 1242 1107 1320 Osm-

91 1334 187 1410 ponsis
207 1333 303 1393 retulit
323 1333 406 1392 nobis
428 1333 464 1392 de
479 1332 605 1409 quodam
625 1332 776 1409 monacho,
798 1335 847 1408 qui
864 1349 977 1408 semper
995 1333 1023 1390 in
1034 1330 1106 1390 choro

92 1419 204 1479 solebat
236 1420 373 1495 dormire,
405 1437 465 1479 rem
496 1419 583 1479 valde
614 1419 768 1479 terribilem
783 1416 809 1500 ¹).
863 1419 955 1480 Nocte
986 1416 1108 1494 quadam,

91 1523 158 1567 saun
179 1523 215 1567 ex
236 1522 315 1566 more
338 1506 473 1566 dormiret
493 1506 556 1566 aliis
583 1506 787 1582 psallentibus,
814 1505 965 1567 crucifixus
986 1505 1020 1564 de
1038 1501 1109 1563 sltad

92 1595 185 1670 venit,
216 1592 415 1653 dormitantem
443 1595 592 1667 excitavit,
625 1599 654 1651 et
682 1610 748 1652 cum
780 1599 860 1653 tanto
890 1595 955 1652 nisu
980 1589 1110 1651 maxiltm

91 1683 152 1741 eius
173 1682 320 1756 percussit,
341 1687 373 1739 ut
393 1681 465 1740 intra
487 1683 600 1739 tertium
622 1678 698 1738 diem
715 1686 879 1740 moreretur.
922 1672 1111 1740 Noviorosz

90 1768 239 1844 Stupenda
259 1774 326 1827 sunt
340 1784 415 1843 quae
437 1767 516 1826 dicis.
557 1764 794 1826 MONAOHUS:
815 1765 976 1826 Monachus
997 1761 1113 1825 accidio-

91 1872 140 1915 sus
161 1854 299 1915 'nauseam
318 1853 384 1914 Deo
406 1859 546 1930 provocat
568 1859 598 1912 et
619 1853 727 1929 angelis
749 1855 865 1913 sanctis.
907 1851 990 1912 Unde
1011 1848 1117 1911 oudam

91 1942 233 2002 accidioso
254 1944 284 2000 in
296 1957 419 2018 persona
440 1942 567 2001 omnium
587 1957 639 2016 per
655 1939 820 2000 Johannem
842 1939 944 2000 dicitur
964 1937 1118 1998 solnm:

96 2030 217 2088 Utinam
245 2047 317 2087 esses
348 2028 462 2087 calidos
495 2034 550 2086 out
575 2027 722 2104 stipidum
754 2027 805 2086 scd
833 2031 906 2102 quio
939 2016 1046 2102 tepidis
1069 2035 1123 2085 ot,

90 2118 231 2191 occipiunt
253 2122 280 2174 te
301 2132 432 2175 evomere
460 2115 496 2173 dc
524 2131 574 2173 ore
595 2131 660 2173 meo
672 2111 705 2190 ²).
747 2112 951 2174 NOVICIUS:
979 2107 1128 2172 Recordof

91 2209 120 2261 te
144 2203 272 2277 superius
302 2200 420 2277 dixisse,
449 2200 528 2261 idem
551 2218 613 2260 esse
635 2203 736 2260 vitium
764 2200 904 2260 accidiam
926 2207 955 2259 et
974 2199 1134 2258 tristitiam·

90 2286 326 2348 MONAOHUS:
357 2289 468 2348 Verum
496 2293 555 2363 est,
587 2289 655 2363 quia
682 2286 793 2347 accidia
824 2294 868 2346 est
896 2305 932 2347 ex
961 2285 1142 2347 commone

91 2377 194 2435 montis
221 2379 291 2435 nata
310 2376 431 2435 tristitia.
473 2374 519 2433 Ex
540 2374 597 2434 hac
617 2376 744 2433 nascitrn
768 2373 878 2434 malitia
899 2381 929 2434 et
950 2372 1096 2452 desperatio
1120 2395 1144 2431 r

91 2465 165 2523 sicut
185 2462 315 2522 subiecto
336 2463 388 2521 tibi
410 2462 560 2521 ostendam
581 2461 721 2538 exemplo.

405 2664 638 2730 CAPITULUM
658 2667 810 2727 XXXIX.

111 2794 159 2853 De
174 2793 280 2869 poetic
300 2792 431 2867 recluso,
462 2793 660 2867 quaenam
683 2798 711 2850 et
732 2790 852 2866 anpelos
875 2807 934 2848 esse
956 2788 1095 2861 dubitans,

145 2880 180 2938 de
202 2896 324 2954 corpore
347 2896 470 2954 opressa,
495 2897 553 2954 per
574 2881 710 2954 spiritum
731 2878 805 2937 cidit
826 2878 947 2952 onpelos
968 2878 1070 2937 scitica

252 2972 280 3024 et
302 2970 426 3039 animos,
448 2969 546 3042 sicque
568 2966 611 3024 od
630 2981 737 3040 corpus
758 2981 892 3040 represso
913 2970 964 3023 cst.

153 3118 256 3180 Abbas
288 3120 324 3180 de
351 3121 531 3181 Brunisbach
543 3116 564 3202 ³)
597 3137 674 3180 anno
705 3121 857 3196 praeterito
888 3119 985 3179 retulit
1015 3117 1118 3178 Abbati

90 3213 186 3267 nostro
200 3211 385 3267 tentationem
402 3205 547 3283 quandam
562 3225 597 3267 ex
611 3208 724 3289 tristitiis
744 3213 851 3282 natam,
871 3207 1027 3265 terribilem
1048 3207 1118 3278 satis,

90 3297 131 3354 sic
153 3295 265 3353 dicens:
287 3295 321 3353 In
343 3298 491 3370 provincia
511 3301 609 3354 nostra
626 3294 769 3371 quaedam
784 3296 889 3353 exstitit
910 3294 1007 3369 puella
1020 3292 1118 3352 nubilis

90 3399 124 3440 ac
151 3380 289 3456 formosa,
319 3381 494 3458 divitumque
522 3381 589 3441 filia.
633 3381 728 3458 Quam
757 3398 823 3440 cum
851 3387 985 3456 parentes
1014 3380 1119 3440 tradere

89 3468 195 3528 vellent
215 3470 325 3543 marito,
347 3472 438 3528 renuit
459 3469 508 3529 illa
530 3469 640 3529 dicens:
661 3468 728 3528 Non
748 3469 856 3527 nubam
877 3468 959 3527 alteri
980 3470 1050 3541 viro,
1070 3467 1118 3524 nisi

109 3656 139 3725 1)
157 3656 175 3708 Ρ
193 3653 374 3708 terribilem
389 3653 491 3706 valde.
505 3656 668 3724 -2)Apoe.
681 3655 706 3719 3,
719 3655 760 3706 15.
778 3655 818 3707 16.
833 3683 864 3692 -
876 3653 908 3721 3)
924 3653 1116 3707 BGPBrums·

58 3749 61 3757 ¹
156 3725 250 3849 fiacbh.
268 3723 393 3847 ΙξὶιιεΙΙίςίι
409 3723 550 3777 Brumbach
567 3725 692 3800 abbatiam
709 3738 790 3792 prope
808 3722 947 3776 Wertheim
965 3724 990 3775 in
1008 3717 1115 3775 Dioec'esi

179 3812 207 3849 cr
225 3810 353 3863 rporena.
