<?xml version="1.0" encoding="UTF-8"?>
<!DOCTYPE html PUBLIC "-//W3C//DTD XHTML 1.0 Transitional//EN"
    "http://www.w3.org/TR/xhtml1/DTD/xhtml1-transitional.dtd">
<html xmlns="http://www.w3.org/1999/xhtml" xml:lang="en" lang="en">
 <head>
  <title>
</title>
<meta http-equiv="Content-Type" content="text/html;charset=utf-8" />
  <meta name='ocr-system' content='tesseract 3.04.00' />
  <meta name='ocr-capabilities' content='ocr_page ocr_carea ocr_par ocr_line ocrx_word'/>
</head>
<body>
  <div class='ocr_page' id='page_1' title='image "./caesariiheister00stragoog_0024.png"; bbox 0 0 2438 4170; ppageno 0'>
   <div class='ocr_carea' id='block_1_1' title="bbox 402 203 1097 304">
    <p class='ocr_par' dir='ltr' id='par_1_1' title="bbox 402 203 1097 304">
     <span class='ocr_line' id='line_1_1' title="bbox 402 203 1097 304; baseline -0.012 0"><span class='ocrx_word' id='word_1_1' title='bbox 402 243 456 304; x_wconf 80' lang='lat' dir='ltr'>rur</span> <span class='ocrx_word' id='word_1_2' title='bbox 479 203 764 304; x_wconf 80' lang='lat' dir='ltr'>convnnsronn.</span> <span class='ocrx_word' id='word_1_3' title='bbox 907 215 912 229; x_wconf 89' lang='lat'>&#39;</span> <span class='ocrx_word' id='word_1_4' title='bbox 1080 241 1097 296; x_wconf 81' lang='lat' dir='ltr'>o</span> 
     </span>
    </p>
   </div>
   <div class='ocr_carea' id='block_1_2' title="bbox 428 435 736 528">
    <p class='ocr_par' dir='ltr' id='par_1_2' title="bbox 428 435 736 528">
     <span class='ocr_line' id='line_1_2' title="bbox 428 435 736 528; baseline -0.006 -33"><span class='ocrx_word' id='word_1_5' title='bbox 428 435 660 528; x_wconf 75' lang='lat' dir='ltr'>onrrrunruo</span> <span class='ocrx_word' id='word_1_6' title='bbox 683 435 736 493; x_wconf 91' lang='lat' dir='ltr'>m.</span> 
     </span>
    </p>
   </div>
   <div class='ocr_carea' id='block_1_3' title="bbox 87 521 1079 705">
    <p class='ocr_par' dir='ltr' id='par_1_3' title="bbox 87 521 1079 705">
     <span class='ocr_line' id='line_1_3' title="bbox 87 521 1079 634; baseline -0.003 -14"><span class='ocrx_word' id='word_1_7' title='bbox 87 561 133 620; x_wconf 83' lang='lat' dir='ltr'>De</span> <span class='ocrx_word' id='word_1_8' title='bbox 155 521 263 619; x_wconf 72' lang='lat' dir='ltr'>Priore</span> <span class='ocrx_word' id='word_1_9' title='bbox 287 559 488 632; x_wconf 82' lang='lat' dir='ltr'>Olorucoollio,</span> <span class='ocrx_word' id='word_1_10' title='bbox 512 563 563 634; x_wconf 82' lang='lat' dir='ltr'>qui</span> <span class='ocrx_word' id='word_1_11' title='bbox 585 531 741 617; x_wconf 68' lang='lat' dir='ltr'>conversus</span> <span class='ocrx_word' id='word_1_12' title='bbox 762 565 797 616; x_wconf 81' lang='lat' dir='ltr'>at</span> <span class='ocrx_word' id='word_1_13' title='bbox 819 558 934 633; x_wconf 79' lang='lat' dir='ltr'>aliquid</span> <span class='ocrx_word' id='word_1_14' title='bbox 953 565 1079 633; x_wconf 81' lang='lat' dir='ltr'>raperet,</span> 
     </span>
     <span class='ocr_line' id='line_1_4' title="bbox 383 645 782 705; baseline -0.005 0"><span class='ocrx_word' id='word_1_15' title='bbox 383 645 556 705; x_wconf 83' lang='lat' dir='ltr'>mirabiliter</span> <span class='ocrx_word' id='word_1_16' title='bbox 576 652 711 704; x_wconf 80' lang='lat' dir='ltr'>mutatus</span> <span class='ocrx_word' id='word_1_17' title='bbox 734 652 782 703; x_wconf 83' lang='lat' dir='ltr'>est.</span> 
     </span>
    </p>
   </div>
   <div class='ocr_carea' id='block_1_4' title="bbox 66 784 1109 3136">
    <p class='ocr_par' dir='ltr' id='par_1_4' title="bbox 66 784 1109 3136">
     <span class='ocr_line' id='line_1_5' title="bbox 131 784 1104 859; baseline -0.005 -12"><span class='ocrx_word' id='word_1_18' title='bbox 131 787 241 847; x_wconf 81' lang='lat' dir='ltr'>Retulit</span> <span class='ocrx_word' id='word_1_19' title='bbox 260 787 330 845; x_wconf 87' lang='lat' dir='ltr'>milri</span> <span class='ocrx_word' id='word_1_20' title='bbox 351 787 436 846; x_wconf 83' lang='lat' dir='ltr'>frater</span> <span class='ocrx_word' id='word_1_21' title='bbox 459 786 629 846; x_wconf 85' lang='lat' dir='ltr'>Godefridus</span> <span class='ocrx_word' id='word_1_22' title='bbox 651 786 808 844; x_wconf 84' lang='lat' dir='ltr'>monachus</span> <span class='ocrx_word' id='word_1_23' title='bbox 829 791 933 859; x_wconf 90' lang='lat' dir='ltr'>nostor,</span> <span class='ocrx_word' id='word_1_24' title='bbox 959 784 1104 859; x_wconf 86' lang='lat' dir='ltr'>quondam</span> 
     </span>
     <span class='ocr_line' id='line_1_6' title="bbox 66 872 1101 954; baseline -0.004 -20"><span class='ocrx_word' id='word_1_25' title='bbox 66 878 220 934; x_wconf 88' lang='lat' dir='ltr'>canonicus</span> <span class='ocrx_word' id='word_1_26' title='bbox 233 872 249 954; x_wconf 87' lang='lat'>¹)</span> <span class='ocrx_word' id='word_1_27' title='bbox 272 877 363 933; x_wconf 88' lang='lat' dir='ltr'>sancti</span> <span class='ocrx_word' id='word_1_28' title='bbox 382 874 517 933; x_wconf 83' lang='lat' dir='ltr'><strong>Andreae</strong></span> <span class='ocrx_word' id='word_1_29' title='bbox 538 877 567 931; x_wconf 92' lang='lat' dir='ltr'>iu</span> <span class='ocrx_word' id='word_1_30' title='bbox 591 872 717 945; x_wconf 82' lang='lat' dir='ltr'>Colonia,</span> <span class='ocrx_word' id='word_1_31' title='bbox 740 890 805 931; x_wconf 91' lang='lat' dir='ltr'>cum</span> <span class='ocrx_word' id='word_1_32' title='bbox 823 890 951 931; x_wconf 84' lang='lat' dir='ltr'>essemus</span> <span class='ocrx_word' id='word_1_33' title='bbox 975 872 1060 930; x_wconf 92' lang='lat' dir='ltr'>simul</span> <span class='ocrx_word' id='word_1_34' title='bbox 1073 874 1101 930; x_wconf 91' lang='lat' dir='ltr'>in</span> 
     </span>
     <span class='ocr_line' id='line_1_7' title="bbox 66 959 1105 1038; baseline -0.003 -18"><span class='ocrx_word' id='word_1_35' title='bbox 66 963 255 1038; x_wconf 87' lang='lat' dir='ltr'>probatione,</span> <span class='ocrx_word' id='word_1_36' title='bbox 277 979 338 1020; x_wconf 92' lang='lat' dir='ltr'>rem</span> <span class='ocrx_word' id='word_1_37' title='bbox 360 961 475 1038; x_wconf 81' lang='lat' dir='ltr'><strong>dignam</strong></span> <span class='ocrx_word' id='word_1_38' title='bbox 496 963 640 1020; x_wconf 86' lang='lat' dir='ltr'>memoria</span> <span class='ocrx_word' id='word_1_39' title='bbox 684 959 842 1018; x_wconf 85' lang='lat' dir='ltr'>Asserebat</span> <span class='ocrx_word' id='word_1_40' title='bbox 863 960 917 1018; x_wconf 87' lang='lat' dir='ltr'>sibi</span> <span class='ocrx_word' id='word_1_41' title='bbox 939 977 957 1018; x_wconf 92' lang='lat' dir='ltr'>a</span> <span class='ocrx_word' id='word_1_42' title='bbox 979 959 1105 1033; x_wconf 91' lang='lat' dir='ltr'>quodam</span> 
     </span>
     <span class='ocr_line' id='line_1_8' title="bbox 66 1046 1104 1121; baseline -0.003 -14"><span class='ocrx_word' id='word_1_43' title='bbox 66 1049 209 1108; x_wconf 88' lang='lat' dir='ltr'>monacho</span> <span class='ocrx_word' id='word_1_44' title='bbox 233 1048 416 1107; x_wconf 84' lang='lat' dir='ltr'>Claraevallis</span> <span class='ocrx_word' id='word_1_45' title='bbox 438 1050 512 1107; x_wconf 91' lang='lat' dir='ltr'>bene</span> <span class='ocrx_word' id='word_1_46' title='bbox 533 1056 602 1107; x_wconf 93' lang='lat' dir='ltr'>noto</span> <span class='ocrx_word' id='word_1_47' title='bbox 629 1047 765 1120; x_wconf 90' lang='lat' dir='ltr'>relatum,</span> <span class='ocrx_word' id='word_1_48' title='bbox 798 1046 941 1121; x_wconf 85' lang='lat' dir='ltr'>quendam</span> <span class='ocrx_word' id='word_1_49' title='bbox 971 1047 1104 1105; x_wconf 87' lang='lat' dir='ltr'>clericum</span> 
     </span>
     <span class='ocr_line' id='line_1_9' title="bbox 67 1131 1103 1212; baseline -0.004 -16"><span class='ocrx_word' id='word_1_50' title='bbox 67 1143 135 1196; x_wconf 88' lang='lat' dir='ltr'>actu</span> <span class='ocrx_word' id='word_1_51' title='bbox 156 1136 432 1210; x_wconf 62' lang='lat' dir='ltr'>connumerales</span> <span class='ocrx_word' id='word_1_52' title='bbox 453 1153 505 1211; x_wconf 91' lang='lat' dir='ltr'>per</span> <span class='ocrx_word' id='word_1_53' title='bbox 527 1135 653 1194; x_wconf 89' lang='lat' dir='ltr'>diversas</span> <span class='ocrx_word' id='word_1_54' title='bbox 674 1136 773 1210; x_wconf 82' lang='lat' dir='ltr'>vagari</span> <span class='ocrx_word' id='word_1_55' title='bbox 796 1135 888 1192; x_wconf 88' lang='lat' dir='ltr'>solent</span> <span class='ocrx_word' id='word_1_56' title='bbox 899 1135 1060 1208; x_wconf 88' lang='lat' dir='ltr'>provincias</span> <span class='ocrx_word' id='word_1_57' title='bbox 1073 1131 1103 1212; x_wconf 84' lang='lat'>²),</span> 
     </span>
     <span class='ocr_line' id='line_1_10' title="bbox 68 1220 1105 1296; baseline -0.001 -15"><span class='ocrx_word' id='word_1_58' title='bbox 68 1225 181 1282; x_wconf 89' lang='lat' dir='ltr'>venisse</span> <span class='ocrx_word' id='word_1_59' title='bbox 204 1223 241 1281; x_wconf 91' lang='lat' dir='ltr'>ad</span> <span class='ocrx_word' id='word_1_60' title='bbox 264 1222 497 1296; x_wconf 83' lang='lat' dir='ltr'>Claramvallem,</span> <span class='ocrx_word' id='word_1_61' title='bbox 529 1240 586 1281; x_wconf 92' lang='lat' dir='ltr'>non</span> <span class='ocrx_word' id='word_1_62' title='bbox 616 1221 731 1296; x_wconf 91' lang='lat' dir='ltr'>quidem</span> <span class='ocrx_word' id='word_1_63' title='bbox 760 1221 821 1279; x_wconf 86' lang='lat' dir='ltr'>zelo</span> <span class='ocrx_word' id='word_1_64' title='bbox 845 1220 964 1295; x_wconf 83' lang='lat' dir='ltr'>ordinis,</span> <span class='ocrx_word' id='word_1_65' title='bbox 993 1220 1045 1278; x_wconf 90' lang='lat' dir='ltr'>sed</span> <span class='ocrx_word' id='word_1_66' title='bbox 1073 1228 1105 1280; x_wconf 95' lang='lat' dir='ltr'>ut</span> 
     </span>
     <span class='ocr_line' id='line_1_11' title="bbox 67 1307 1105 1389; baseline -0.003 -19"><span class='ocrx_word' id='word_1_67' title='bbox 67 1309 177 1385; x_wconf 87' lang='lat' dir='ltr'>aliquid</span> <span class='ocrx_word' id='word_1_68' title='bbox 198 1313 368 1369; x_wconf 89' lang='lat' dir='ltr'>monasterio</span> <span class='ocrx_word' id='word_1_69' title='bbox 376 1307 397 1389; x_wconf 74' lang='grc'>3)</span> <span class='ocrx_word' id='word_1_70' title='bbox 408 1318 520 1385; x_wconf 90' lang='lat' dir='ltr'>raperet</span> <span class='ocrx_word' id='word_1_71' title='bbox 541 1310 594 1368; x_wconf 90' lang='lat' dir='ltr'>sub</span> <span class='ocrx_word' id='word_1_72' title='bbox 606 1308 854 1385; x_wconf 84' lang='lat' dir='ltr'>pallioreligionis.</span> <span class='ocrx_word' id='word_1_73' title='bbox 887 1309 994 1367; x_wconf 88' lang='lat' dir='ltr'>Factus</span> <span class='ocrx_word' id='word_1_74' title='bbox 1008 1311 1105 1382; x_wconf 90' lang='lat' dir='ltr'>itaque</span> 
     </span>
     <span class='ocr_line' id='line_1_12' title="bbox 68 1394 1105 1472; baseline -0.001 -16"><span class='ocrx_word' id='word_1_75' title='bbox 68 1399 218 1472; x_wconf 81' lang='lat' dir='ltr'>novicius,</span> <span class='ocrx_word' id='word_1_76' title='bbox 241 1414 306 1456; x_wconf 91' lang='lat' dir='ltr'>cum</span> <span class='ocrx_word' id='word_1_77' title='bbox 327 1415 377 1471; x_wconf 87' lang='lat' dir='ltr'>per</span> <span class='ocrx_word' id='word_1_78' title='bbox 399 1403 490 1455; x_wconf 88' lang='lat' dir='ltr'>totum</span> <span class='ocrx_word' id='word_1_79' title='bbox 512 1415 618 1455; x_wconf 90' lang='lat' dir='ltr'>annum</span> <span class='ocrx_word' id='word_1_80' title='bbox 639 1396 814 1472; x_wconf 87' lang='lat' dir='ltr'>probationis</span> <span class='ocrx_word' id='word_1_81' title='bbox 837 1412 906 1454; x_wconf 88' lang='lat' dir='ltr'>suae</span> <span class='ocrx_word' id='word_1_82' title='bbox 927 1394 1105 1455; x_wconf 82' lang='lat' dir='ltr'>insidiaretur</span> 
     </span>
     <span class='ocr_line' id='line_1_13' title="bbox 69 1478 1105 1559; baseline -0.005 -15"><span class='ocrx_word' id='word_1_83' title='bbox 69 1487 243 1544; x_wconf 85' lang='lat' dir='ltr'>ornamentis</span> <span class='ocrx_word' id='word_1_84' title='bbox 266 1484 416 1556; x_wconf 88' lang='lat' dir='ltr'>ecclesiae,</span> <span class='ocrx_word' id='word_1_85' title='bbox 440 1490 468 1543; x_wconf 93' lang='lat' dir='ltr'>et</span> <span class='ocrx_word' id='word_1_86' title='bbox 489 1491 604 1559; x_wconf 87' lang='lat' dir='ltr'>propter</span> <span class='ocrx_word' id='word_1_87' title='bbox 625 1478 788 1558; x_wconf 82' lang='lat' dir='ltr'>dilig&#39;entem</span> <span class='ocrx_word' id='word_1_88' title='bbox 810 1482 970 1541; x_wconf 83' lang='lat' dir='ltr'>custodiam</span> <span class='ocrx_word' id='word_1_89' title='bbox 990 1482 1074 1540; x_wconf 87' lang='lat' dir='ltr'>satisf</span> <span class='ocrx_word' id='word_1_90' title='bbox 1089 1514 1105 1526; x_wconf 96' lang='lat'>-</span> 
     </span>
     <span class='ocr_line' id='line_1_14' title="bbox 70 1569 1105 1647; baseline -0.003 -17"><span class='ocrx_word' id='word_1_91' title='bbox 70 1588 135 1630; x_wconf 90' lang='lat' dir='ltr'>cere</span> <span class='ocrx_word' id='word_1_92' title='bbox 157 1573 333 1647; x_wconf 84' lang='lat' dir='ltr'>nequivisset</span> <span class='ocrx_word' id='word_1_93' title='bbox 355 1570 447 1629; x_wconf 90' lang='lat' dir='ltr'>cordis</span> <span class='ocrx_word' id='word_1_94' title='bbox 470 1574 513 1629; x_wconf 92' lang='lat' dir='ltr'>sui</span> <span class='ocrx_word' id='word_1_95' title='bbox 534 1570 674 1642; x_wconf 86' lang='lat' dir='ltr'>malitiae,</span> <span class='ocrx_word' id='word_1_96' title='bbox 702 1570 775 1629; x_wconf 88' lang='lat' dir='ltr'>haec</span> <span class='ocrx_word' id='word_1_97' title='bbox 796 1572 870 1628; x_wconf 87' lang='lat' dir='ltr'>intra</span> <span class='ocrx_word' id='word_1_98' title='bbox 891 1587 921 1628; x_wconf 92' lang='lat' dir='ltr'>se</span> <span class='ocrx_word' id='word_1_99' title='bbox 945 1569 1105 1646; x_wconf 83' lang='lat' dir='ltr'>cogitabat:</span> 
     </span>
     <span class='ocr_line' id='line_1_15' title="bbox 70 1657 1105 1732; baseline -0.001 -15"><span class='ocrx_word' id='word_1_100' title='bbox 70 1658 145 1717; x_wconf 84' lang='lat' dir='ltr'>Cum</span> <span class='ocrx_word' id='word_1_101' title='bbox 166 1658 259 1716; x_wconf 87' lang='lat' dir='ltr'>factus</span> <span class='ocrx_word' id='word_1_102' title='bbox 280 1658 358 1716; x_wconf 83' lang='lat' dir='ltr'>fuero</span> <span class='ocrx_word' id='word_1_103' title='bbox 380 1658 553 1731; x_wconf 91' lang='lat' dir='ltr'>monachus,</span> <span class='ocrx_word' id='word_1_104' title='bbox 576 1665 604 1716; x_wconf 89' lang='lat' dir='ltr'>et</span> <span class='ocrx_word' id='word_1_105' title='bbox 624 1657 735 1715; x_wconf 91' lang='lat' dir='ltr'>licuerit</span> <span class='ocrx_word' id='word_1_106' title='bbox 755 1659 931 1732; x_wconf 74' lang='lat' dir='ltr'>ministrare,</span> <span class='ocrx_word' id='word_1_107' title='bbox 954 1660 1014 1715; x_wconf 90' lang='lat' dir='ltr'>siue</span> <span class='ocrx_word' id='word_1_108' title='bbox 1036 1663 1105 1716; x_wconf 91' lang='lat' dir='ltr'>nota</span> 
     </span>
     <span class='ocr_line' id='line_1_16' title="bbox 69 1740 1107 1823; baseline -0.004 -19"><span class='ocrx_word' id='word_1_109' title='bbox 69 1763 106 1804; x_wconf 92' lang='lat' dir='ltr'>ac</span> <span class='ocrx_word' id='word_1_110' title='bbox 118 1740 246 1823; x_wconf 79' lang='lat' dir='ltr'>labore⁴)</span> <span class='ocrx_word' id='word_1_111' title='bbox 257 1747 334 1819; x_wconf 91' lang='lat' dir='ltr'>ipsos</span> <span class='ocrx_word' id='word_1_112' title='bbox 349 1744 451 1804; x_wconf 88' lang='lat' dir='ltr'>calices</span> <span class='ocrx_word' id='word_1_113' title='bbox 469 1745 643 1817; x_wconf 88' lang='lat' dir='ltr'>subtraham,</span> <span class='ocrx_word' id='word_1_114' title='bbox 665 1746 763 1818; x_wconf 87' lang='lat' dir='ltr'>sicque</span> <span class='ocrx_word' id='word_1_115' title='bbox 784 1743 925 1802; x_wconf 90' lang='lat' dir='ltr'>recedam.</span> <span class='ocrx_word' id='word_1_116' title='bbox 957 1745 1033 1802; x_wconf 88' lang='lat' dir='ltr'>Ecce</span> <span class='ocrx_word' id='word_1_117' title='bbox 1055 1744 1107 1803; x_wconf 89' lang='lat' dir='ltr'>tali</span> 
     </span>
     <span class='ocr_line' id='line_1_17' title="bbox 70 1829 1105 1908; baseline -0.001 -18"><span class='ocrx_word' id='word_1_118' title='bbox 70 1835 227 1890; x_wconf 89' lang='lat' dir='ltr'>intentione</span> <span class='ocrx_word' id='word_1_119' title='bbox 249 1831 317 1908; x_wconf 84' lang='lat' dir='ltr'>legit</span> <span class='ocrx_word' id='word_1_120' title='bbox 338 1832 549 1906; x_wconf 86' lang='lat' dir='ltr'>professionem,</span> <span class='ocrx_word' id='word_1_121' title='bbox 570 1833 699 1906; x_wconf 88' lang='lat' dir='ltr'>promisit</span> <span class='ocrx_word' id='word_1_122' title='bbox 718 1829 917 1905; x_wconf 87' lang='lat' dir='ltr'>obedientiam,</span> <span class='ocrx_word' id='word_1_123' title='bbox 939 1831 1030 1889; x_wconf 91' lang='lat' dir='ltr'>induit</span> <span class='ocrx_word' id='word_1_124' title='bbox 1052 1848 1105 1890; x_wconf 90' lang='lat' dir='ltr'>cu-</span> 
     </span>
     <span class='ocr_line' id='line_1_18' title="bbox 72 1918 1106 1994; baseline -0.002 -16"><span class='ocrx_word' id='word_1_125' title='bbox 72 1919 185 1978; x_wconf 89' lang='lat' dir='ltr'>cullam.</span> <span class='ocrx_word' id='word_1_126' title='bbox 230 1918 288 1977; x_wconf 84' lang='lat' dir='ltr'>Sed</span> <span class='ocrx_word' id='word_1_127' title='bbox 308 1923 372 1994; x_wconf 89' lang='lat' dir='ltr'>pius</span> <span class='ocrx_word' id='word_1_128' title='bbox 394 1919 543 1993; x_wconf 85' lang='lat' dir='ltr'>Dominus,</span> <span class='ocrx_word' id='word_1_129' title='bbox 566 1921 693 1993; x_wconf 91' lang='lat' dir='ltr'>quinon</span> <span class='ocrx_word' id='word_1_130' title='bbox 714 1918 777 1975; x_wconf 92' lang='lat' dir='ltr'>vult</span> <span class='ocrx_word' id='word_1_131' title='bbox 797 1925 917 1976; x_wconf 88' lang='lat' dir='ltr'>mortem</span> <span class='ocrx_word' id='word_1_132' title='bbox 939 1920 1106 1994; x_wconf 85' lang='lat' dir='ltr'>peccatoris,</span> 
     </span>
     <span class='ocr_line' id='line_1_19' title="bbox 71 2002 1108 2084; baseline -0.003 -19"><span class='ocrx_word' id='word_1_133' title='bbox 71 2005 123 2065; x_wconf 88' lang='lat' dir='ltr'>sed</span> <span class='ocrx_word' id='word_1_134' title='bbox 144 2011 178 2064; x_wconf 91' lang='lat' dir='ltr'>ut</span> <span class='ocrx_word' id='word_1_135' title='bbox 200 2012 382 2064; x_wconf 87' lang='lat' dir='ltr'>convertatur</span> <span class='ocrx_word' id='word_1_136' title='bbox 403 2013 432 2064; x_wconf 89' lang='lat' dir='ltr'>et</span> <span class='ocrx_word' id='word_1_137' title='bbox 452 2009 532 2065; x_wconf 88' lang='lat' dir='ltr'>vivat</span> <span class='ocrx_word' id='word_1_138' title='bbox 540 2002 576 2084; x_wconf 82' lang='lat'>⁵),</span> <span class='ocrx_word' id='word_1_139' title='bbox 604 2023 768 2080; x_wconf 84' lang='lat' dir='ltr'>perversam</span> <span class='ocrx_word' id='word_1_140' title='bbox 790 2005 967 2064; x_wconf 90' lang='lat' dir='ltr'>voluntatem</span> <span class='ocrx_word' id='word_1_141' title='bbox 988 2006 1108 2064; x_wconf 90' lang='lat' dir='ltr'>mirabi-</span> 
     </span>
     <span class='ocr_line' id='line_1_20' title="bbox 70 2092 1106 2167; baseline -0.002 -16"><span class='ocrx_word' id='word_1_142' title='bbox 70 2093 134 2152; x_wconf 87' lang='lat' dir='ltr'>liter</span> <span class='ocrx_word' id='word_1_143' title='bbox 154 2095 284 2167; x_wconf 90' lang='lat' dir='ltr'>mutavit,</span> <span class='ocrx_word' id='word_1_144' title='bbox 307 2099 336 2152; x_wconf 94' lang='lat' dir='ltr'>et</span> <span class='ocrx_word' id='word_1_145' title='bbox 357 2110 499 2151; x_wconf 89' lang='lat' dir='ltr'>venenum</span> <span class='ocrx_word' id='word_1_146' title='bbox 520 2096 549 2150; x_wconf 94' lang='lat' dir='ltr'>in</span> <span class='ocrx_word' id='word_1_147' title='bbox 571 2093 729 2151; x_wconf 88' lang='lat' dir='ltr'>antidotum</span> <span class='ocrx_word' id='word_1_148' title='bbox 751 2092 967 2151; x_wconf 88' lang='lat' dir='ltr'>misericorditer</span> <span class='ocrx_word' id='word_1_149' title='bbox 984 2109 1106 2152; x_wconf 89' lang='lat' dir='ltr'>conver-</span> 
     </span>
     <span class='ocr_line' id='line_1_21' title="bbox 70 2176 1105 2258; baseline 0.001 -20"><span class='ocrx_word' id='word_1_150' title='bbox 70 2183 113 2238; x_wconf 84' lang='lat' dir='ltr'>tit.</span> <span class='ocrx_word' id='word_1_151' title='bbox 156 2179 262 2238; x_wconf 92' lang='lat' dir='ltr'>Induto</span> <span class='ocrx_word' id='word_1_152' title='bbox 284 2183 359 2238; x_wconf 90' lang='lat' dir='ltr'>enim</span> <span class='ocrx_word' id='word_1_153' title='bbox 386 2180 486 2238; x_wconf 92' lang='lat' dir='ltr'>habitu</span> <span class='ocrx_word' id='word_1_154' title='bbox 518 2180 651 2238; x_wconf 88' lang='lat' dir='ltr'>monachi</span> <span class='ocrx_word' id='word_1_155' title='bbox 659 2176 696 2258; x_wconf 83' lang='lat'>⁶),</span> <span class='ocrx_word' id='word_1_156' title='bbox 725 2182 861 2238; x_wconf 89' lang='lat' dir='ltr'>contritus</span> <span class='ocrx_word' id='word_1_157' title='bbox 895 2187 923 2238; x_wconf 92' lang='lat' dir='ltr'>et</span> <span class='ocrx_word' id='word_1_158' title='bbox 950 2197 1105 2240; x_wconf 89' lang='lat' dir='ltr'>conversus</span> 
     </span>
     <span class='ocr_line' id='line_1_22' title="bbox 71 2264 1107 2346; baseline 0.001 -20"><span class='ocrx_word' id='word_1_159' title='bbox 71 2267 145 2326; x_wconf 87' lang='lat' dir='ltr'>adeo</span> <span class='ocrx_word' id='word_1_160' title='bbox 166 2267 286 2342; x_wconf 87' lang='lat' dir='ltr'>profecit</span> <span class='ocrx_word' id='word_1_161' title='bbox 306 2270 334 2324; x_wconf 90' lang='lat' dir='ltr'>io</span> <span class='ocrx_word' id='word_1_162' title='bbox 357 2264 486 2346; x_wconf 73' lang='lat' dir='ltr'>sancta¹l</span> <span class='ocrx_word' id='word_1_163' title='bbox 508 2267 650 2342; x_wconf 78' lang='lat' dir='ltr'>religione,</span> <span class='ocrx_word' id='word_1_164' title='bbox 671 2273 783 2324; x_wconf 90' lang='lat' dir='ltr'>utnon</span> <span class='ocrx_word' id='word_1_165' title='bbox 804 2268 894 2325; x_wconf 93' lang='lat' dir='ltr'>multo</span> <span class='ocrx_word' id='word_1_166' title='bbox 915 2274 982 2342; x_wconf 88' lang='lat' dir='ltr'>post</span> <span class='ocrx_word' id='word_1_167' title='bbox 991 2274 1107 2342; x_wconf 89' lang='lat' dir='ltr'>propter</span> 
     </span>
     <span class='ocr_line' id='line_1_23' title="bbox 71 2353 1107 2430; baseline 0.001 -16"><span class='ocrx_word' id='word_1_168' title='bbox 71 2357 204 2414; x_wconf 89' lang='lat' dir='ltr'>meritum</span> <span class='ocrx_word' id='word_1_169' title='bbox 226 2356 302 2412; x_wconf 84' lang='lat' dir='ltr'>vitae</span> <span class='ocrx_word' id='word_1_170' title='bbox 324 2354 362 2412; x_wconf 90' lang='lat' dir='ltr'>ad</span> <span class='ocrx_word' id='word_1_171' title='bbox 376 2355 542 2430; x_wconf 82' lang='lat' dir='ltr'>dignitatem</span> <span class='ocrx_word' id='word_1_172' title='bbox 558 2354 704 2412; x_wconf 78' lang='lat' dir='ltr'>Piloratus</span> <span class='ocrx_word' id='word_1_173' title='bbox 719 2353 886 2412; x_wconf 88' lang='lat' dir='ltr'>ascenderet</span> <span class='ocrx_word' id='word_1_174' title='bbox 897 2356 926 2411; x_wconf 92' lang='lat' dir='ltr'>in</span> <span class='ocrx_word' id='word_1_175' title='bbox 939 2354 1107 2415; x_wconf 82' lang='lat' dir='ltr'>Claravalle.</span> 
     </span>
     <span class='ocr_line' id='line_1_24' title="bbox 71 2438 1106 2520; baseline 0.004 -22"><span class='ocrx_word' id='word_1_176' title='bbox 71 2441 117 2516; x_wconf 88' lang='lat' dir='ltr'>Et,</span> <span class='ocrx_word' id='word_1_177' title='bbox 139 2442 250 2498; x_wconf 87' lang='lat' dir='ltr'>utiam</span> <span class='ocrx_word' id='word_1_178' title='bbox 273 2440 349 2514; x_wconf 86' lang='lat' dir='ltr'>dixi,</span> <span class='ocrx_word' id='word_1_179' title='bbox 371 2439 462 2520; x_wconf 73' lang='lat' dir='ltr'>ipsa³l</span> <span class='ocrx_word' id='word_1_180' title='bbox 486 2444 546 2500; x_wconf 91' lang='lat' dir='ltr'>cius</span> <span class='ocrx_word' id='word_1_181' title='bbox 569 2441 653 2515; x_wconf 87' lang='lat' dir='ltr'>culpa</span> <span class='ocrx_word' id='word_1_182' title='bbox 675 2441 737 2498; x_wconf 86' lang='lat' dir='ltr'>eliis</span> <span class='ocrx_word' id='word_1_183' title='bbox 757 2442 833 2498; x_wconf 89' lang='lat' dir='ltr'>sacta</span> <span class='ocrx_word' id='word_1_184' title='bbox 856 2448 899 2499; x_wconf 90' lang='lat' dir='ltr'>est</span> <span class='ocrx_word' id='word_1_185' title='bbox 907 2438 927 2520; x_wconf 82' lang='lat'>⁹)</span> <span class='ocrx_word' id='word_1_186' title='bbox 950 2442 1106 2503; x_wconf 88' lang='lat' dir='ltr'>medicina:</span> 
     </span>
     <span class='ocr_line' id='line_1_25' title="bbox 71 2525 1108 2607; baseline 0.006 -22"><span class='ocrx_word' id='word_1_187' title='bbox 71 2546 140 2587; x_wconf 89' lang='lat' dir='ltr'>nam</span> <span class='ocrx_word' id='word_1_188' title='bbox 161 2534 262 2602; x_wconf 90' lang='lat' dir='ltr'>postea</span> <span class='ocrx_word' id='word_1_189' title='bbox 290 2531 404 2603; x_wconf 88' lang='lat' dir='ltr'>saepius</span> <span class='ocrx_word' id='word_1_190' title='bbox 431 2531 487 2586; x_wconf 90' lang='lat' dir='ltr'>ista</span> <span class='ocrx_word' id='word_1_191' title='bbox 513 2531 632 2587; x_wconf 89' lang='lat' dir='ltr'>recitare</span> <span class='ocrx_word' id='word_1_192' title='bbox 660 2528 759 2586; x_wconf 90' lang='lat' dir='ltr'>solitus</span> <span class='ocrx_word' id='word_1_193' title='bbox 789 2534 849 2585; x_wconf 88' lang='lat' dir='ltr'>erat</span> <span class='ocrx_word' id='word_1_194' title='bbox 868 2525 896 2607; x_wconf 80' lang='lat'>¹⁰)</span> <span class='ocrx_word' id='word_1_195' title='bbox 918 2531 1051 2605; x_wconf 86' lang='lat' dir='ltr'>noviciis,</span> <span class='ocrx_word' id='word_1_196' title='bbox 1079 2539 1108 2591; x_wconf 89' lang='lat' dir='ltr'>et</span> 
     </span>
     <span class='ocr_line' id='line_1_26' title="bbox 72 2613 1108 2693; baseline 0.007 -22"><span class='ocrx_word' id='word_1_197' title='bbox 72 2614 224 2690; x_wconf 87' lang='lat' dir='ltr'>plurimum</span> <span class='ocrx_word' id='word_1_198' title='bbox 246 2617 274 2672; x_wconf 92' lang='lat' dir='ltr'>in</span> <span class='ocrx_word' id='word_1_199' title='bbox 297 2617 337 2673; x_wconf 93' lang='lat' dir='ltr'>eis</span> <span class='ocrx_word' id='word_1_200' title='bbox 359 2613 500 2673; x_wconf 85' lang='lat' dir='ltr'>aedificati</span> <span class='ocrx_word' id='word_1_201' title='bbox 523 2621 597 2673; x_wconf 90' lang='lat' dir='ltr'>sunt.</span> <span class='ocrx_word' id='word_1_202' title='bbox 640 2613 841 2674; x_wconf 83' lang='lat' dir='ltr'>NOVICIUS:</span> <span class='ocrx_word' id='word_1_203' title='bbox 868 2616 983 2674; x_wconf 91' lang='lat' dir='ltr'>Vellem</span> <span class='ocrx_word' id='word_1_204' title='bbox 1003 2635 1108 2693; x_wconf 87' lang='lat' dir='ltr'>nosse,</span> 
     </span>
     <span class='ocr_line' id='line_1_27' title="bbox 73 2699 1109 2780; baseline 0.004 -21"><span class='ocrx_word' id='word_1_205' title='bbox 73 2701 148 2760; x_wconf 92' lang='lat' dir='ltr'>unde</span> <span class='ocrx_word' id='word_1_206' title='bbox 171 2703 197 2759; x_wconf 90' lang='lat' dir='ltr'>ei</span> <span class='ocrx_word' id='word_1_207' title='bbox 218 2701 282 2759; x_wconf 89' lang='lat' dir='ltr'>talis</span> <span class='ocrx_word' id='word_1_208' title='bbox 312 2719 346 2760; x_wconf 87' lang='lat' dir='ltr'>ac</span> <span class='ocrx_word' id='word_1_209' title='bbox 376 2708 456 2760; x_wconf 88' lang='lat' dir='ltr'>tanta</span> <span class='ocrx_word' id='word_1_210' title='bbox 484 2703 566 2761; x_wconf 85' lang='lat' dir='ltr'>fuerit</span> <span class='ocrx_word' id='word_1_211' title='bbox 593 2705 712 2760; x_wconf 91' lang='lat' dir='ltr'>mutatio</span> <span class='ocrx_word' id='word_1_212' title='bbox 731 2699 768 2780; x_wconf 86' lang='lat'><em>¹¹).</em></span> <span class='ocrx_word' id='word_1_213' title='bbox 811 2700 1046 2763; x_wconf 81' lang='lat' dir='ltr'><strong>MONACHUS:</strong></span> <span class='ocrx_word' id='word_1_214' title='bbox 1068 2705 1109 2765; x_wconf 91' lang='lat' dir='ltr'>Ut</span> 
     </span>
     <span class='ocr_line' id='line_1_28' title="bbox 73 2789 1108 2863; baseline 0.005 -17"><span class='ocrx_word' id='word_1_215' title='bbox 73 2791 192 2846; x_wconf 86' lang='lat' dir='ltr'>aestimo</span> <span class='ocrx_word' id='word_1_216' title='bbox 213 2789 405 2863; x_wconf 87' lang='lat' dir='ltr'>principaliter</span> <span class='ocrx_word' id='word_1_217' title='bbox 427 2806 461 2847; x_wconf 85' lang='lat' dir='ltr'>ex</span> <span class='ocrx_word' id='word_1_218' title='bbox 483 2789 674 2846; x_wconf 88' lang='lat' dir='ltr'>misericordia</span> <span class='ocrx_word' id='word_1_219' title='bbox 695 2789 766 2862; x_wconf 90' lang='lat' dir='ltr'>Dei,</span> <span class='ocrx_word' id='word_1_220' title='bbox 800 2789 967 2848; x_wconf 85' lang='lat' dir='ltr'>secundario</span> <span class='ocrx_word' id='word_1_221' title='bbox 992 2809 1027 2849; x_wconf 85' lang='lat' dir='ltr'>ex</span> <span class='ocrx_word' id='word_1_222' title='bbox 1048 2794 1108 2851; x_wconf 89' lang='lat' dir='ltr'>vir-</span> 
     </span>
     <span class='ocr_line' id='line_1_29' title="bbox 74 2872 1109 2954; baseline 0.006 -21"><span class='ocrx_word' id='word_1_223' title='bbox 74 2882 134 2934; x_wconf 89' lang='lat' dir='ltr'>tute</span> <span class='ocrx_word' id='word_1_224' title='bbox 156 2882 186 2933; x_wconf 91' lang='lat' dir='ltr'>et</span> <span class='ocrx_word' id='word_1_225' title='bbox 205 2874 404 2934; x_wconf 88' lang='lat' dir='ltr'>benedictione</span> <span class='ocrx_word' id='word_1_226' title='bbox 427 2878 516 2934; x_wconf 92' lang='lat' dir='ltr'>sancti</span> <span class='ocrx_word' id='word_1_227' title='bbox 537 2878 699 2934; x_wconf 87' lang='lat' dir='ltr'>vestimenti</span> <span class='ocrx_word' id='word_1_228' title='bbox 716 2872 764 2954; x_wconf 82' lang='lat'>¹²),</span> <span class='ocrx_word' id='word_1_229' title='bbox 786 2882 818 2932; x_wconf 92' lang='lat' dir='ltr'>ut</span> <span class='ocrx_word' id='word_1_230' title='bbox 839 2879 879 2934; x_wconf 89' lang='lat' dir='ltr'>ait</span> <span class='ocrx_word' id='word_1_231' title='bbox 901 2877 1018 2951; x_wconf 88' lang='lat' dir='ltr'>quidam</span> <span class='ocrx_word' id='word_1_232' title='bbox 1039 2897 1109 2938; x_wconf 89' lang='lat' dir='ltr'>san-</span> 
     </span>
     <span class='ocr_line' id='line_1_30' title="bbox 76 2962 1109 3037; baseline 0.003 -16"><span class='ocrx_word' id='word_1_233' title='bbox 76 2969 184 3021; x_wconf 89' lang='lat' dir='ltr'>ctorum</span> <span class='ocrx_word' id='word_1_234' title='bbox 205 2969 319 3036; x_wconf 90' lang='lat' dir='ltr'>patrum</span> <span class='ocrx_word' id='word_1_235' title='bbox 341 2965 534 3037; x_wconf 89' lang='lat' dir='ltr'>antiquorum:</span> <span class='ocrx_word' id='word_1_236' title='bbox 565 2962 689 3020; x_wconf 88' lang='lat' dir='ltr'>Habitus</span> <span class='ocrx_word' id='word_1_237' title='bbox 712 2962 844 3020; x_wconf 90' lang='lat' dir='ltr'>monachi</span> <span class='ocrx_word' id='word_1_238' title='bbox 867 2966 999 3023; x_wconf 90' lang='lat' dir='ltr'>virtutem</span> <span class='ocrx_word' id='word_1_239' title='bbox 1021 2966 1109 3026; x_wconf 89' lang='lat' dir='ltr'>habet</span> 
     </span>
     <span class='ocr_line' id='line_1_31' title="bbox 74 3042 1109 3136; baseline 0.004 -28"><span class='ocrx_word' id='word_1_240' title='bbox 74 3042 208 3125; x_wconf 84' lang='lat' dir='ltr'>baptismi</span> <span class='ocrx_word' id='word_1_241' title='bbox 227 3046 264 3136; x_wconf 49' lang='grc'>’1)</span> <span class='ocrx_word' id='word_1_242' title='bbox 308 3048 456 3109; x_wconf 89' lang='lat' dir='ltr'>Noverunt</span> <span class='ocrx_word' id='word_1_243' title='bbox 477 3049 559 3108; x_wconf 92' lang='lat' dir='ltr'>multi</span> <span class='ocrx_word' id='word_1_244' title='bbox 569 3048 725 3108; x_wconf 90' lang='lat' dir='ltr'>chricum</span> <span class='ocrx_word' id='word_1_245' title='bbox 740 3067 908 3110; x_wconf 89' lang='lat' dir='ltr'>conversum</span> <span class='ocrx_word' id='word_1_246' title='bbox 922 3051 957 3110; x_wconf 93' lang='lat' dir='ltr'>de</span> <span class='ocrx_word' id='word_1_247' title='bbox 970 3051 1109 3126; x_wconf 85' lang='lat' dir='ltr'>Claustro,</span> 
     </span>
    </p>
   </div>
   <div class='ocr_carea' id='block_1_5' title="bbox 94 3197 1126 3898">
    <p class='ocr_par' dir='ltr' id='par_1_5' title="bbox 94 3197 1126 3898">
     <span class='ocr_line' id='line_1_32' title="bbox 94 3197 1109 3268; baseline 0.005 -16"><span class='ocrx_word' id='word_1_248' title='bbox 94 3200 124 3268; x_wconf 90' lang='grc'>1)</span> <span class='ocrx_word' id='word_1_249' title='bbox 142 3199 311 3252; x_wconf 81' lang='lat' dir='ltr'>scholasticos</span> <span class='ocrx_word' id='word_1_250' title='bbox 328 3209 488 3267; x_wconf 89' lang='lat' dir='ltr'>nuncupatur</span> <span class='ocrx_word' id='word_1_251' title='bbox 505 3201 545 3251; x_wconf 89' lang='lat' dir='ltr'>hic</span> <span class='ocrx_word' id='word_1_252' title='bbox 561 3199 710 3252; x_wconf 84' lang='lat' dir='ltr'>Godelridus</span> <span class='ocrx_word' id='word_1_253' title='bbox 729 3201 792 3252; x_wconf 85' lang='lat' dir='ltr'>inlro</span> <span class='ocrx_word' id='word_1_254' title='bbox 811 3201 892 3266; x_wconf 66' lang='lat' dir='ltr'>llio.</span> <span class='ocrx_word' id='word_1_255' title='bbox 910 3197 1012 3266; x_wconf 63' lang='lat' dir='ltr'>luto.</span> <span class='ocrx_word' id='word_1_256' title='bbox 1039 3204 1109 3257; x_wconf 85' lang='lat' dir='ltr'>Alius</span> 
     </span>
     <span class='ocr_line' id='line_1_33' title="bbox 143 3270 1111 3343; baseline 0.004 -22"><span class='ocrx_word' id='word_1_257' title='bbox 143 3279 182 3321; x_wconf 86' lang='lat' dir='ltr'>est</span> <span class='ocrx_word' id='word_1_258' title='bbox 203 3286 218 3321; x_wconf 82' lang='lat' dir='ltr'>a</span> <span class='ocrx_word' id='word_1_259' title='bbox 236 3270 385 3332; x_wconf 82' lang='lat' dir='ltr'>Godalrido,</span> <span class='ocrx_word' id='word_1_260' title='bbox 413 3273 482 3321; x_wconf 87' lang='lat' dir='ltr'>euius</span> <span class='ocrx_word' id='word_1_261' title='bbox 507 3273 601 3322; x_wconf 84' lang='lat' dir='ltr'>mentio</span> <span class='ocrx_word' id='word_1_262' title='bbox 624 3271 651 3320; x_wconf 89' lang='lat' dir='ltr'>iit</span> <span class='ocrx_word' id='word_1_263' title='bbox 675 3271 721 3331; x_wconf 84' lang='lat' dir='ltr'>Vl,</span> <span class='ocrx_word' id='word_1_264' title='bbox 745 3273 769 3321; x_wconf 86' lang='lat'>5.</span> <span class='ocrx_word' id='word_1_265' title='bbox 793 3272 839 3333; x_wconf 81' lang='lat' dir='ltr'>xl,</span> <span class='ocrx_word' id='word_1_266' title='bbox 864 3273 905 3324; x_wconf 80' lang='lat' dir='ltr'>ta.</span> <span class='ocrx_word' id='word_1_267' title='bbox 924 3274 965 3324; x_wconf 83' lang='grc'>44.</span> <span class='ocrx_word' id='word_1_268' title='bbox 987 3303 1017 3313; x_wconf 90' lang='lat'>—-</span> <span class='ocrx_word' id='word_1_269' title='bbox 1042 3276 1111 3343; x_wconf 83' lang='lat' dir='ltr'>2)c</span> 
     </span>
     <span class='ocr_line' id='line_1_34' title="bbox 143 3340 1110 3414; baseline 0.006 -23"><span class='ocrx_word' id='word_1_270' title='bbox 143 3340 255 3408; x_wconf 86' lang='lat' dir='ltr'>quales</span> <span class='ocrx_word' id='word_1_271' title='bbox 279 3344 391 3408; x_wconf 84' lang='lat' dir='ltr'>vagari</span> <span class='ocrx_word' id='word_1_272' title='bbox 418 3341 529 3392; x_wconf 89' lang='lat' dir='ltr'>solent</span> <span class='ocrx_word' id='word_1_273' title='bbox 556 3357 612 3407; x_wconf 87' lang='lat' dir='ltr'>per</span> <span class='ocrx_word' id='word_1_274' title='bbox 638 3340 791 3392; x_wconf 86' lang='lat' dir='ltr'>diversas</span> <span class='ocrx_word' id='word_1_275' title='bbox 819 3344 1055 3408; x_wconf 88' lang='lat' dir='ltr'>provincias.—</span> <span class='ocrx_word' id='word_1_276' title='bbox 1078 3347 1110 3414; x_wconf 87' lang='grc'>3)</span> 
     </span>
     <span class='ocr_line' id='line_1_35' title="bbox 144 3410 1111 3477; baseline 0.006 -17"><span class='ocrx_word' id='word_1_277' title='bbox 144 3412 345 3461; x_wconf 84' lang='lat' dir='ltr'>monasterio</span> <span class='ocrx_word' id='word_1_278' title='bbox 363 3427 403 3462; x_wconf 89' lang='lat' dir='ltr'>orn</span> <span class='ocrx_word' id='word_1_279' title='bbox 422 3411 454 3473; x_wconf 73' lang='lat'>03</span> <span class='ocrx_word' id='word_1_280' title='bbox 473 3411 492 3462; x_wconf 90' lang='grc' dir='ltr'><em>Β</em></span> <span class='ocrx_word' id='word_1_281' title='bbox 511 3410 549 3460; x_wconf 88' lang='lat' dir='ltr'>de</span> <span class='ocrx_word' id='word_1_282' title='bbox 568 3413 815 3462; x_wconf 78' lang='lat' dir='ltr'>monasterio-</span> <span class='ocrx_word' id='word_1_283' title='bbox 836 3411 867 3477; x_wconf 85' lang='grc'>4)</span> <span class='ocrx_word' id='word_1_284' title='bbox 886 3428 922 3462; x_wconf 89' lang='lat' dir='ltr'>ac</span> <span class='ocrx_word' id='word_1_285' title='bbox 940 3412 1051 3465; x_wconf 86' lang='lat' dir='ltr'>labore</span> <span class='ocrx_word' id='word_1_286' title='bbox 1070 3431 1111 3466; x_wconf 87' lang='lat' dir='ltr'>orn</span> 
     </span>
     <span class='ocr_line' id='line_1_36' title="bbox 144 3477 1111 3550; baseline 0.004 -19"><span class='ocrx_word' id='word_1_287' title='bbox 144 3477 172 3531; x_wconf 82' lang='lat' dir='ltr'>C.</span> <span class='ocrx_word' id='word_1_288' title='bbox 192 3509 222 3518; x_wconf 91' lang='lat'><em>-</em></span> <span class='ocrx_word' id='word_1_289' title='bbox 243 3481 274 3546; x_wconf 85' lang='lat'>5)</span> <span class='ocrx_word' id='word_1_290' title='bbox 292 3479 383 3532; x_wconf 85' lang='lat' dir='ltr'>Erech.</span> <span class='ocrx_word' id='word_1_291' title='bbox 405 3482 448 3544; x_wconf 89' lang='lat'>18,</span> <span class='ocrx_word' id='word_1_292' title='bbox 467 3481 509 3532; x_wconf 53' lang='lat'>23,</span> <span class='ocrx_word' id='word_1_293' title='bbox 530 3511 560 3518; x_wconf 92' lang='lat'>-·</span> <span class='ocrx_word' id='word_1_294' title='bbox 587 3481 618 3547; x_wconf 88' lang='grc'>6)</span> <span class='ocrx_word' id='word_1_295' title='bbox 643 3479 870 3531; x_wconf 84' lang='lat' dir='ltr'>Pmonachali.</span> <span class='ocrx_word' id='word_1_296' title='bbox 890 3512 920 3520; x_wconf 96' lang='lat'><em>-</em></span> <span class='ocrx_word' id='word_1_297' title='bbox 947 3483 978 3550; x_wconf 84' lang='grc'>7)</span> <span class='ocrx_word' id='word_1_298' title='bbox 998 3494 1111 3535; x_wconf 86' lang='lat' dir='ltr'>sancta</span> 
     </span>
     <span class='ocr_line' id='line_1_37' title="bbox 145 3548 1111 3618; baseline 0.005 -19"><span class='ocrx_word' id='word_1_299' title='bbox 145 3563 185 3600; x_wconf 86' lang='lat' dir='ltr'>orn</span> <span class='ocrx_word' id='word_1_300' title='bbox 203 3548 231 3600; x_wconf 83' lang='lat' dir='ltr'>G.</span> <span class='ocrx_word' id='word_1_301' title='bbox 253 3579 281 3588; x_wconf 78' lang='lat'>—</span> <span class='ocrx_word' id='word_1_302' title='bbox 310 3551 341 3618; x_wconf 91' lang='grc'>8)</span> <span class='ocrx_word' id='word_1_303' title='bbox 359 3553 428 3616; x_wconf 87' lang='lat' dir='ltr'>ipsa</span> <span class='ocrx_word' id='word_1_304' title='bbox 455 3566 496 3601; x_wconf 88' lang='lat' dir='ltr'>om</span> <span class='ocrx_word' id='word_1_305' title='bbox 515 3549 541 3600; x_wconf 83' lang='lat' dir='ltr'>C.</span> <span class='ocrx_word' id='word_1_306' title='bbox 562 3579 591 3588; x_wconf 90' lang='lat'>-—</span> <span class='ocrx_word' id='word_1_307' title='bbox 613 3550 644 3617; x_wconf 89' lang='grc'>9)</span> <span class='ocrx_word' id='word_1_308' title='bbox 663 3550 682 3600; x_wconf 85' lang='grc' dir='ltr'>Β</span> <span class='ocrx_word' id='word_1_309' title='bbox 701 3551 792 3602; x_wconf 82' lang='lat' dir='ltr'>lacta</span> <span class='ocrx_word' id='word_1_310' title='bbox 819 3560 869 3600; x_wconf 89' lang='lat' dir='ltr'>est</span> <span class='ocrx_word' id='word_1_311' title='bbox 896 3550 987 3616; x_wconf 89' lang='lat' dir='ltr'>aliis,</span> <span class='ocrx_word' id='word_1_312' title='bbox 1014 3548 1034 3606; x_wconf 81' lang='lat' dir='ltr'>C</span> <span class='ocrx_word' id='word_1_313' title='bbox 1061 3563 1111 3604; x_wconf 86' lang='lat' dir='ltr'>est</span> 
     </span>
     <span class='ocr_line' id='line_1_38' title="bbox 145 3617 1111 3687; baseline 0.007 -19"><span class='ocrx_word' id='word_1_314' title='bbox 145 3617 222 3669; x_wconf 87' lang='lat' dir='ltr'>aliis</span> <span class='ocrx_word' id='word_1_315' title='bbox 240 3619 332 3671; x_wconf 82' lang='lat' dir='ltr'>iacta.</span> <span class='ocrx_word' id='word_1_316' title='bbox 354 3650 383 3658; x_wconf 91' lang='lat'>-</span> <span class='ocrx_word' id='word_1_317' title='bbox 405 3619 453 3687; x_wconf 89' lang='grc'>10)</span> <span class='ocrx_word' id='word_1_318' title='bbox 472 3620 491 3671; x_wconf 89' lang='grc' dir='ltr'><em>Β</em></span> <span class='ocrx_word' id='word_1_319' title='bbox 510 3629 624 3686; x_wconf 88' lang='lat' dir='ltr'>postea</span> <span class='ocrx_word' id='word_1_320' title='bbox 643 3619 762 3671; x_wconf 84' lang='lat' dir='ltr'>solitus</span> <span class='ocrx_word' id='word_1_321' title='bbox 785 3629 853 3671; x_wconf 85' lang='lat' dir='ltr'>erat</span> <span class='ocrx_word' id='word_1_322' title='bbox 871 3622 934 3673; x_wconf 85' lang='lat' dir='ltr'>ista</span> <span class='ocrx_word' id='word_1_323' title='bbox 953 3625 1111 3684; x_wconf 83' lang='lat' dir='ltr'>recitare,</span> 
     </span>
     <span class='ocr_line' id='line_1_39' title="bbox 145 3687 1110 3760; baseline 0.006 -21"><span class='ocrx_word' id='word_1_324' title='bbox 145 3687 299 3756; x_wconf 79' lang='lat' dir='ltr'>Oportea</span> <span class='ocrx_word' id='word_1_325' title='bbox 317 3691 450 3756; x_wconf 86' lang='lat' dir='ltr'>saepius</span> <span class='ocrx_word' id='word_1_326' title='bbox 477 3689 556 3740; x_wconf 88' lang='lat' dir='ltr'>haec</span> <span class='ocrx_word' id='word_1_327' title='bbox 574 3691 714 3741; x_wconf 78' lang='lat' dir='ltr'>recitare</span> <span class='ocrx_word' id='word_1_328' title='bbox 732 3690 872 3741; x_wconf 84' lang='lat' dir='ltr'>solebat.</span> <span class='ocrx_word' id='word_1_329' title='bbox 893 3721 923 3731; x_wconf 91' lang='lat'><em>-</em></span> <span class='ocrx_word' id='word_1_330' title='bbox 944 3692 992 3760; x_wconf 94' lang='grc'>11)</span> <span class='ocrx_word' id='word_1_331' title='bbox 1011 3692 1030 3744; x_wconf 85' lang='lat' dir='ltr'><strong>G</strong></span> <span class='ocrx_word' id='word_1_332' title='bbox 1048 3711 1110 3744; x_wconf 87' lang='lat' dir='ltr'>rnu-</span> 
     </span>
     <span class='ocr_line' id='line_1_40' title="bbox 145 3758 1126 3827; baseline 0.004 -19"><span class='ocrx_word' id='word_1_333' title='bbox 145 3761 225 3810; x_wconf 87' lang='lat' dir='ltr'>tatio</span> <span class='ocrx_word' id='word_1_334' title='bbox 252 3758 362 3810; x_wconf 83' lang='lat' dir='ltr'>luerit.</span> <span class='ocrx_word' id='word_1_335' title='bbox 384 3788 413 3796; x_wconf 97' lang='lat'>—</span> <span class='ocrx_word' id='word_1_336' title='bbox 440 3760 487 3827; x_wconf 88' lang='grc'>12)</span> <span class='ocrx_word' id='word_1_337' title='bbox 506 3760 611 3810; x_wconf 86' lang='lat' dir='ltr'>sancti</span> <span class='ocrx_word' id='word_1_338' title='bbox 637 3760 907 3827; x_wconf 78' lang='lat' dir='ltr'>vestimentiBG,</span> <span class='ocrx_word' id='word_1_339' title='bbox 927 3763 1126 3814; x_wconf 60' lang='lat' dir='ltr'>monacum</span> 
     </span>
     <span class='ocr_line' id='line_1_41' title="bbox 145 3826 918 3898; baseline 0.01 -20"><span class='ocrx_word' id='word_1_340' title='bbox 145 3826 194 3878; x_wconf 78' lang='grc' dir='ltr'>ΒΡ.</span> <span class='ocrx_word' id='word_1_341' title='bbox 214 3857 244 3867; x_wconf 94' lang='lat'>—-</span> <span class='ocrx_word' id='word_1_342' title='bbox 265 3828 312 3895; x_wconf 87' lang='grc'>13)</span> <span class='ocrx_word' id='word_1_343' title='bbox 331 3828 473 3896; x_wconf 85' lang='lat' dir='ltr'>Hieronym.</span> <span class='ocrx_word' id='word_1_344' title='bbox 492 3829 572 3898; x_wconf 83' lang='lat' dir='ltr'>Epist.</span> <span class='ocrx_word' id='word_1_345' title='bbox 592 3829 625 3883; x_wconf 83' lang='lat'>25</span> <span class='ocrx_word' id='word_1_346' title='bbox 646 3828 677 3883; x_wconf 86' lang='lat' dir='ltr'>de</span> <span class='ocrx_word' id='word_1_347' title='bbox 698 3830 771 3885; x_wconf 85' lang='lat' dir='ltr'>obitu</span> <span class='ocrx_word' id='word_1_348' title='bbox 783 3831 918 3886; x_wconf 76' lang='lat' dir='ltr'>blesillae.</span> 
     </span>
    </p>
   </div>
   <div class='ocr_carea' id='block_1_6' title="bbox 814 3908 873 3988">
    <p class='ocr_par' dir='ltr' id='par_1_6' title="bbox 814 3908 873 3988">
     <span class='ocr_line' id='line_1_42' title="bbox 814 3908 873 3988; baseline 0 -15"><span class='ocrx_word' id='word_1_349' title='bbox 814 3908 873 3988; x_wconf 68' lang='lat' dir='ltr'>&#39;lii‘</span> 
     </span>
    </p>
   </div>
   <div class='ocr_carea' id='block_1_7' title="bbox 0 0 1238 4170">
    <p class='ocr_par' dir='ltr' id='par_1_7' title="bbox 0 0 1238 4170">
     <span class='ocr_line' id='line_1_43' title="bbox 0 0 1238 4170; baseline 0 0"><span class='ocrx_word' id='word_1_350' title='bbox 0 0 1238 4170; x_wconf 95' lang='lat' dir='ltr'> </span> 
     </span>
    </p>
   </div>
  </div>
 </body>
</html>
