2460 4162
407 216 462 276 DE
485 214 759 279 commnione
1060 222 1100 280 83

66 333 272 398 NOVIGIUS:
304 336 412 398 Metuit
440 356 507 416 ergo
537 337 697 416 vigilando,
731 337 898 414 ieiunando,
930 339 1101 416 laborando,

67 423 237 499 obediendo,
258 423 379 501 aliisque
400 427 533 501 operibus
554 429 691 502 iustitiae,
714 427 850 502 quamdiu
870 429 899 484 in
919 427 967 486 illo
989 429 1102 487 mortali

65 508 140 569 fnit?
183 509 420 573 MONAOHUS:
441 513 639 589 Nequaquam,
662 515 728 588 quia
750 530 837 589 opera
858 519 937 574 extra
955 517 1101 574 caritatem

66 597 164 672 iacta,
185 604 299 657 mortua
321 605 401 674 sunt,
434 606 463 658 et
483 616 628 675 nunquam
649 601 831 659 reviviscunt.
873 600 937 660 Vae
959 618 1036 680 ergo
1046 601 1102 662 illis

66 686 118 761 qui
139 685 265 760 quotidie
287 687 318 744 in
338 685 396 745 Dei
416 688 530 745 servitio
552 686 771 762 mortificantur,
798 693 827 746 et
846 687 917 751 nihil
936 687 1001 747 inde
1023 706 1101 748 mer-

67 771 147 832 cedis
168 774 198 830 in
218 774 278 831 vita
306 778 424 832 aeterna
452 779 670 848 consequuntur.
719 773 803 831 Multi
823 775 878 832 ista
898 776 1041 850 ignorant,
1064 775 1100 835 de

64 857 146 918 finali
166 861 342 935 poenitentia
362 859 515 935 plurimum
535 866 759 934 praesumentes,
780 863 937 920 nescientes
950 864 1101 937 poeniten·

12 1006 16 1011 ,
65 948 147 1021 tiam,
171 963 246 1022 quae
267 948 297 1004 in
318 945 376 1005 fine
397 948 498 1023 agitur,
521 952 553 1004 ut
574 963 660 1022 supra
682 946 789 1005 dictum
811 953 862 1022 est,
883 953 943 1006 tam
964 951 1101 1008 incertam

65 1049 139 1094 esse.
183 1032 287 1092 Dicam
309 1033 361 1091 tibi
382 1038 478 1092 tamen
500 1033 631 1108 exempla
652 1032 687 1091 de
710 1033 830 1108 duobus,
852 1052 887 1094 ex
910 1036 1012 1111 quibus
1026 1053 1100 1094 unus

63 1122 92 1179 in
115 1119 175 1180 fine
195 1119 301 1196 fictam,
322 1119 395 1180 aiter
414 1137 513 1179 veram
536 1122 593 1197 egit
612 1122 824 1213 poenitentiam.

422 1309 655 1370 CAPITULUM
675 1310 744 1371 XV.

60 1455 114 1514 De
133 1457 279 1513 monice
300 1450 472 1524 Parisinus}
497 1454 548 1526 qui
569 1455 759 1511 sacramentis
779 1455 812 1510 in
830 1452 888 1528 fine
903 1456 1098 1528 participans,

84 1547 115 1600 ct
131 1547 204 1617 post
224 1547 350 1600 mortem
371 1539 489 1597 cuidam
512 1556 667 1613 apparere,
690 1539 764 1597 dicit
784 1556 814 1596 se
832 1539 872 1621 =ob
893 1557 955 1598 non
975 1558 1077 1599 verum

341 1629 545 1684 cotttsdts'onem
567 1625 743 1685 demnatum
765 1642 831 1683 esse.

128 1782 246 1842 Parisiis
266 1783 297 1839 in
319 1780 440 1840 eeclesia
461 1786 577 1838 sanctae
597 1779 655 1839 Dei
676 1773 817 1855 genitricis
849 1779 958 1840 Mariae
980 1785 1100 1840 canoni·

63 1886 118 1931 eus
132 1868 249 1944 quidam
260 1885 352 1943 nuper
362 1868 439 1941 obiit,
457 1869 505 1942 qui
516 1866 606 1924 multa
616 1866 726 1926 habens
737 1867 885 1942 stipendia,
900 1867 1099 1927 delicatissime

61 1959 185 2016 vixerat
226 1955 265 2013 Et
286 1957 354 2030 quia
375 1971 411 2012 ex
434 1952 548 2027 deliciis,
570 1956 692 2012 maxime
715 1970 751 2013 ex
767 1951 782 2032 ¹)
805 1954 946 2030 hisquae
974 1955 1012 2014 ad
1041 1974 1099 2032 gu-

62 2042 125 2105 lam
145 2044 302 2119 pertinent,
328 2041 427 2113 ibide,
443 2043 581 2114 naseitru,
610 2048 678 2099 nata
705 2044 841 2116 nutritur,
871 2048 899 2100 et
928 2042 1099 2118 quotidianis

62 2132 127 2191 eius
148 2130 338 2189 incitamentis
366 2133 578 2202 augmentatur:
611 2127 687 2186 idem
714 2129 825 2187 iuvenis
854 2128 939 2189 valde
971 2132 1099 2190 tunicam

62 2219 159 2277 mersis
179 2232 250 2274 suae
271 2214 438 2288 mandavit,
467 2219 496 2273 et
523 2220 583 2272 tarn
614 2213 662 2272 ille
694 2232 780 2290 quam
809 2215 871 2276 aliis
893 2219 951 2275 suis
972 2219 1098 2292 peccatis

59 2306 136 2363 iram
157 2303 214 2362 Dei
234 2305 264 2360 in
285 2319 316 2361 se
336 2302 512 2376 provocavit.
555 2299 685 2359 Tandem
705 2319 757 2377 per
783 2301 974 2362 infirmitatem
995 2310 1097 2375 tactus,

61 2392 166 2450 timore
188 2390 288 2448 mortis
310 2389 516 2447 confessionem
536 2388 611 2462 feeit,
632 2394 752 2466 peecata
774 2387 896 2463 deflevit,
921 2390 1098 2448 emendatio-

61 2494 131 2537 nem
152 2477 289 2552 promisit,
310 2477 446 2534 viaticum
467 2475 586 2550 accepit,
606 2476 738 2533 inmrctus
761 2481 818 2549 est,
840 2474 984 2534 hominem
1006 2477 1098 2552 depo·

61 2567 129 2624 suit.
163 2562 251 2621 Cuius
273 2579 384 2638 eorpus,
405 2567 505 2637 utpote
527 2562 580 2619 viri
601 2561 704 2619 nobilis
726 2561 885 2636 divitisque,
907 2580 972 2620 curn
992 2581 1097 2639 magna

61 2667 172 2728 pompa
192 2649 346 2709 saecularis
367 2648 474 2724 gloriae
495 2647 666 2706 tumulatum
688 2654 740 2706 est.
782 2648 820 2706 Et
841 2654 902 2706 erat
928 2651 957 2706 in
979 2649 1027 2708 illa
1050 2649 1096 2708 die

61 2746 146 2799 tana
166 2738 318 2809 serenitas,
344 2744 377 2793 ut
397 2737 458 2811 ipse
480 2751 528 2793 aer
550 2735 609 2792 eius
633 2737 773 2809 exsequiis
794 2735 924 2794 famulari
944 2735 1096 2794 videretur.

61 2825 262 2898 Dixeruntque
283 2822 413 2882 homines
434 2820 472 2880 ad
493 2823 629 2880 invicem:
664 2820 758 2879 Multa
778 2822 855 2880 bona
865 2825 1005 2897 praestitit
1014 2822 1097 2882 Deus

61 2912 172 2973 homini
192 2911 248 2969 isti.
300 2909 377 2969 Nihil
406 2910 431 2966 ei
461 2907 550 2966 defuit
577 2906 678 2966 horum
711 2925 784 2983 quae
810 2908 897 2967 homo
920 2909 1096 2968 Christianus

61 2999 171 3059 habere
201 2997 308 3056 debuit
349 2995 509 3054 Dominicis
536 2997 718 3053 sacramentis
744 2997 869 3053 munitus
898 3002 955 3069 est,
988 3014 1037 3055 aer
1066 2999 1095 3055 in

61 3088 125 3147 dus
153 3092 245 3144 morta
273 3089 419 3143 serenatus
449 3088 506 3157 est,
538 3099 604 3141 eum
631 3081 721 3140 multa
732 3077 753 3160 ²)
782 3081 873 3157 gloria
894 3082 1022 3158 sepultus
1044 3096 1096 3142 est.

60 3170 123 3235 sed
144 3171 231 3233 homo
252 3170 331 3230 videt
351 3172 381 3228 in
400 3170 488 3244 faeie,
519 3168 601 3231 Deus
629 3174 725 3227 autem
745 3170 870 3227 intuetur
891 3186 940 3228 eor
952 3166 981 3248 ³).
1024 3169 1095 3229 Post

60 3276 173 3338 paucos
195 3258 255 3317 dies
277 3256 391 3319 cuidam
412 3258 467 3316 sibi
488 3255 572 3314 valde
593 3255 722 3316 familiari
743 3272 899 3330 apparens,
928 3255 1042 3314 dicebat
1063 3274 1095 3316 se

60 3363 128 3409 csse
149 3345 325 3405 damnatum.
359 3343 487 3418 Cumque
509 3344 655 3402 miraretur
674 3341 722 3401 ille
745 3348 773 3400 et
791 3350 1001 3417 expavesceret,
1022 3359 1095 3419 poe·

60 3434 211 3494 sitentism
233 3434 294 3492 eius
315 3437 402 3505 atque
424 3429 645 3503 confessionem,
675 3445 786 3487 sacram
808 3431 894 3488 etiarn
916 3433 1094 3490 communio·

60 3538 129 3580 nem
150 3526 180 3579 et
189 3520 382 3579 inunctionem
401 3533 633 3590 commemorans,
654 3514 799 3591 respondit
811 3515 975 3575 defunctus:
998 3516 1094 3576 Unum

60 3608 172 3668 bonum
193 3605 262 3665 mihi
284 3603 380 3679 detuit,
402 3604 462 3662 sine
486 3618 541 3678 quo
564 3602 672 3660 nullum
694 3602 811 3676 horum,
834 3620 907 3678 quae
930 3612 1096 3665 enumerata

78 3792 112 3862 1)
129 3806 168 3846 ex
190 3807 232 3845 om
255 3790 304 3845 GR.
326 3819 354 3830 -
381 3790 412 3857 2)
431 3788 449 3841 P
471 3803 592 3858 magna.
612 3817 640 3826 -—
669 3789 700 3856 3)
723 3787 784 3857 Reg.
803 3787 829 3851 1,
852 3788 898 3851 16,
923 3792 946 3839 ἵ.
1057 3829 1062 3838 .
