2460 4162
317 302 320 311 Ι
434 229 513 288 un
536 227 814 289 curreremus
1094 232 1153 291 101

75 348 305 409 considerans
325 350 485 426 periculum
506 353 568 412 eius
582 353 611 410 ln
624 351 771 412 reddenda
780 353 899 411 ratione.
906 346 921 431 ¹)
954 350 1157 412 NOVIOIUS:

71 431 114 490 ut
194 439 300 497 merito.
345 437 497 514 Quomodo
527 456 595 515 ergo
624 457 699 498 unus
727 439 814 498 homo
846 445 890 498 tot
922 441 1032 498 animas
1060 457 1159 516 regere

70 529 220 594 posset
248 526 310 583 sins
343 523 495 599 periculo?
538 524 774 585 MONACHUS:
807 525 889 584 Visio
919 527 1062 601 quaedam
1090 529 1159 586 satis

70 609 252 669 terribuu
271 614 428 687 memoriae
451 614 588 687 occurrit,
621 629 695 687 quae
717 620 746 672 et
767 612 937 688 supradictis
957 610 1112 688 respondet
1132 620 1161 672 et

68 698 224 756 nostn's
243 699 421 774 temporibus
443 697 558 760 ridetur
579 716 642 759 esse
663 698 790 775 impleta
816 699 903 758 Cuius
926 705 1007 758 tenor
1029 700 1093 759 talis
1108 706 1159 761 est.

460 886 693 949 CAPITULUM
713 889 818 948 XXX.

76 1018 208 1085 Vario
228 1026 383 1086 cuiusdam
404 1027 440 1086 dc
461 1029 615 1086 schismate
628 1028 761 1086 Romani
781 1029 909 1103 Imperii,
934 1028 969 1086 dc
991 1029 1160 1086 calamitate

207 1114 352 1174 Dioccceta
375 1112 563 1187 Coloatertsts,
586 1115 621 1172 dc
644 1121 725 1174 terra
746 1122 870 1189 sancta,
893 1122 921 1174 ct
942 1115 1073 1173 adveatu

556 1202 736 1260 Aattcbraatt.

166 1332 287 1398 Frater
296 1338 395 1399 Simon
403 1335 434 1418 ²),
457 1356 523 1398 eum
545 1345 621 1398 esset
642 1341 671 1396 in
693 1341 820 1398 oratioue
842 1345 909 1398 ante
931 1339 1021 1399 altare
1043 1345 1159 1398 sanctam

73 1412 147 1475 Dbi
193 1427 340 1503 genitricis
361 1424 485 1502 Mariae,
519 1425 629 1484 audivit
660 1443 764 1486 vocem
796 1426 937 1486 dicentem
959 1428 1027 1485 sibi:
1071 1426 1159 1486 Mene

74 1506 264 1579 timorem
286 1519 369 1571 tuum
390 1515 574 1588 superiorem,
596 1519 625 1570 et
647 1512 692 1571 dic
705 1516 748 1572 ei:
772 1512 849 1572 Oves
871 1519 938 1572 tuae
959 1512 1159 1572 tundentsan-

76 1585 244 1666 guinem,
286 1598 325 1658 Et
345 1602 480 1675 praecipe
503 1601 543 1674 ei,
575 1616 611 1658 ne
634 1607 725 1659 semet
747 1606 775 1658 et
798 1617 846 1659 eas
868 1599 1018 1659 interficiat
1038 1617 1159 1658 veneno.

77 1672 191 1741 Nam
219 1693 248 1747 et
266 1683 360 1766 ipse⁸)
382 1689 479 1762 posuit
501 1704 549 1745 cor
570 1704 655 1745 suum
676 1689 705 1744 in
727 1693 841 1746 ventres
862 1685 1159 1762 luporumlatehian-

79 1760 201 1829 fium-
242 1771 377 1833 Membra
408 1791 474 1832 mea
502 1775 638 1848 incipient
666 1775 839 1833 commoveri
868 1791 887 1832 a
916 1772 1023 1832 erudeli
1051 1773 1159 1847 bestia,

80 1861 192 1923 ΨΜ
216 1859 304 1920 homo
325 1858 403 1919 lacta
424 1866 476 1919 est.
519 1860 588 1934 Exi,
622 1865 651 1918 et
679 1859 772 1919 clama
800 1860 926 1934 undique
947 1878 1083 1936 magnam
1104 1857 1160 1918 Dei

82 1944 322 2023 omnipotentis
345 1947 503 2021 offensam,
532 1953 560 2005 et
590 1946 650 2005 die:
694 1946 756 2005 Nisi
785 1949 1038 2038 convertamini9et
1060 1963 1159 2005 emen-

83 2016 240 2109 ¹¹⁰¹¹²irri,
272 2033 441 2093 occidemini
463 2039 491 2092 et
511 2035 541 2091 in
561 2035 658 2109 ignem
679 2041 827 2092 aeternum
848 2036 1005 2092 mittemini.
1048 2034 1157 2092 Inimici

83 2104 153 2206 ¹¹¹0}
191 2120 384 2180 vindicabunt
404 2123 520 2179 iniurias
542 2138 630 2179 meas.
673 2120 745 2179 Post
765 2121 838 2180 baec
866 2127 1061 2196 apparuerunt
1089 2137 1159 2180 eves

85 2202 274 2287 ufflnqueb
296 2209 508 2284 pinguissimae,
530 2225 564 2266 ac
588 2206 690 2266 deinde
712 2209 802 2266 boves
817 2209 1065 2266 trasmaeilentae.
1101 2206 1159 2265 Pro

85 2277 224 2381 ‹iffi-bus
246 2294 316 2353 dum
328 2292 348 2375 ⁸)
372 2300 521 2369 quaereret
542 2294 611 2369 quid
633 2294 839 2370 significarent,
868 2312 1037 2369 responsum
1068 2288 1160 2373 est⁶):

86 2362 255 2457 Q¹¹¹¹¹que
276 2397 347 2441 oves
369 2385 435 2439 anni
456 2387 523 2440 sunt
545 2383 671 2456 quinque
693 2398 815 2457 magnae
830 2381 1038 2456 abundantiam
1062 2387 1091 2440 et
1105 2381 1161 2439 bo·

88 2464 145 2507 ¹⁰⁸
186 2474 253 2527 tres
275 2470 342 2527 anni
363 2469 446 2527 lamis
467 2467 590 2527 validae.
632 2468 670 2525 Et
692 2470 809 2527 iterum:
835 2467 914 2526 Falsi
935 2468 1059 2527 Romani
1082 2470 1160 2526 exci-

87 2534 224 2613 ¹¹1’¹111t
245 2553 375 2615 crudeles
396 2572 540 2629 rumores,
571 2559 600 2613 et
620 2556 717 2629 iniquo
741 2554 857 2613 consilio
880 2571 933 2613 suo
957 2555 1084 2612 divident
1104 2571 1160 2629 po-

86 2628 255 2701 marm
274 2641 445 2709 Romanam
488 2641 527 2699 Et
548 2643 666 2699 iterum:
698 2640 862 2701 Jerusalem
889 2645 1016 2715 capietur
1045 2647 1074 2698 et
1107 2641 1159 2700 dc-

85 2712 248 2788 ‘metm
256 2725 287 2808 ²),
309 2736 338 2787 et
358 2730 464 2787 inimici
484 2730 541 2787 mei
562 2728 749 2787 vindicabunt
770 2731 841 2786 iram
863 2746 971 2801 meam,
1000 2730 1067 2802 quia
1096 2727 1161 2803 pol·

84 2793 234 2874 'uerunt
262 2817 324 2874 rias
360 2832 456 2890 meas,
488 2817 517 2873 in
551 2817 655 2890 quibus
688 2833 742 2892 ego
771 2817 832 2890 ipse
868 2815 1021 2873 ambulavi.
1071 2814 1161 2874 Fame

81 2894 246 2961 'mxima
267 2903 462 2961 arctabuntur.
508 2901 587 2961 Coeli
609 2908 638 2961 et
659 2908 734 2962 terra
754 2898 914 2980 trement⁸),
936 2902 988 2960 sed
1003 2902 1090 2960 homo
1103 2918 1160 2961 non

79 2963 160 3029 ΠΙ*
214 2996 337 3049 uernam
373 3006 391 3047 a
424 2988 530 3048 crudeli
564 2989 667 3047 bestia
717 2989 824 3048 Postea
851 2987 894 3047 sol
924 2995 1106 3048 convertetur
1132 2991 1162 3046 in

97 3148 133 3217 Ι)
170 3164 230 3227 hic
247 3190 353 3243 prorsus
365 3150 509 3227 oblitus⁸est
518 3174 658 3242 Episcopus
668 3175 831 3226 lombardiae
842 3175 979 3226 chartulam
993 3191 1063 3226 suem
1077 3183 1165 3225 osten·

169 3242 261 3309 dero,
277 3244 346 3313 quod
364 3253 447 3296 tamen
466 3245 526 3296 lecit
543 3246 569 3296 iu
587 3245 713 3296 Hostiliis:
738 3261 770 3296 ex
788 3261 838 3313 quo
857 3245 920 3296 libro
939 3244 1006 3312 quod
1025 3244 1056 3294 ad
1075 3259 1164 3295 narra·

170 3314 317 3368 tituenus
335 3317 503 3384 iutegritatem
526 3313 701 3377 desideratur,
727 3314 776 3366 buc
800 3315 977 3366 transcribam:
1007 3314 1164 3381 „Episcopus

171 3383 328 3447 uomendum
346 3384 412 3436 illius
430 3384 600 3447 considerans,
618 3393 644 3435 et
662 3399 850 3450 expavescens,
868 3384 1015 3451 respondit:
1032 3384 1086 3452 Ego
1104 3384 1165 3435 nori

171 3456 290 3508 nomina
302 3456 413 3505 omnium
431 3458 516 3505 ovium
535 3454 594 3505 mibi
605 3457 807 3506 commissarum:
825 3470 890 3521 quae
901 3457 994 3520 scripta
1004 3456 1164 3505 eontinentur

172 3518 213 3577 flu
231 3523 282 3575 bac
298 3523 423 3585 chartula3
442 3533 579 3575 extractam
597 3523 632 3574 illi
651 3524 812 3575 osteudens.“
824 3525 899 3591 -2)
918 3524 937 3575 B
957 3524 1071 3575 Frater
1094 3524 1165 3590 qui·

173 3590 268 3646 dara.
286 3622 318 3634 -
337 3593 369 3660 3)
387 3595 459 3660 ipre
478 3593 526 3644 add
545 3591 594 3645 ΒΟ.
614 3622 642 3632 -
666 3594 696 3660 4)
715 3594 734 3646 G
752 3595 782 3644 oi
800 3594 946 3662 quinque
972 3609 1059 3644 oves.
1079 3623 1110 3631 —
1131 3592 1163 3659 5)

177 3654 210 3717 R
227 3662 267 3715 dc
292 3662 409 3785 auibus
436 3678 594 3727 camuros
611 3662 677 3714 ABD
695 3678 898 3730 quaererem.
917 3692 946 3703 -
968 3663 1000 3730 6)
1018 3662 1039 3714 u
1057 3670 1106 3715 est
1124 3662 1161 3711 ci.

180 3754 222 3773 ε-
241 3732 276 3801 Ί)
328 3731 520 3785 destruetur
538 3741 570 3784 et
588 3734 749 3799 capietur.
768 3764 800 3773 -
820 3733 852 3800 8)
871 3732 1064 3795 circuiunt,
1081 3729 1160 3784 urei

180 3810 222 3865 pr
238 3800 261 3855 Ι)
278 3801 471 3855 tremebunt.
