2460 4162
396 233 452 294 aa
475 212 752 304 oouaassroua.
1032 233 1091 294 rc1

86 351 397 435 susurratricem)
420 355 538 416 deferre.
580 355 629 414 Ad
651 355 728 430 quod
751 354 823 414 aiter
836 353 996 430 respondit:
1018 354 1095 431 Quid

84 443 117 498 esi
133 441 203 518 quod
223 441 333 502 audio?
364 443 427 519 Ego
448 443 488 501 ilii
510 445 682 501 contrarium
703 460 767 500 sum
779 441 933 516 confessus,
955 448 984 501 ot
997 448 1094 501 tamen

79 526 147 587 amir
165 547 259 606 poena
286 528 450 588 mulctatus.
492 529 573 589 Scias
601 546 648 588 me
681 528 718 587 ob
748 528 869 587 eandem
896 531 1095 588 necessitatem

74 613 180 697 modo²)
202 615 240 676 ad
260 616 353 676 iorum
380 618 487 676 venire.
531 615 614 674 Certe
642 615 717 674 malo
750 614 921 674 sacerdotati
952 610 1094 694 sumus³).

69 699 259 779 Iuaanmsque
282 704 445 777 civitatem,
468 707 674 762 accusaverunt
694 701 774 760 illum
789 701 873 777 apud
893 701 1044 760 Decanum
1066 707 1101 761 et.

66 792 213 850 canonicos
234 791 325 848 sancti
344 788 485 863 Patrocli,
516 807 652 864 magnam
680 791 706 849 ei
732 789 867 848 facientes
889 788 1093 848 confusionem.

61 875 138 936 Ecce
159 879 183 936 si
204 875 311 951 aliquid
331 878 440 935 timoris
449 874 507 935 De'i
528 882 604 934 esset
623 877 652 932 in
664 875 721 934 hoc
735 875 891 950 sacerdote,
911 891 1095 950 nequaquam

59 964 197 1023 avaritiae
218 979 289 1022 suae
311 962 462 1022 consulens
483 968 543 1021 tam
563 961 706 1021 horrenda
726 964 951 1037 praesumsisset,
971 964 1095 1020 maxime

56 1051 89 1109 in
110 1049 296 1110 confessione.
338 1049 405 1108 Non
426 1051 480 1108 iste
501 1049 582 1123 fecit,
603 1051 677 1107 sicut
705 1047 847 1122 sacerdos,
870 1047 905 1106 de
928 1065 985 1122 quo
1007 1065 1095 1123 supra

57 1135 169 1197 dictum
191 1142 235 1196 est
256 1136 380 1212 capitulo
402 1137 544 1195 tricesimo
568 1138 674 1210 quinto,
696 1137 745 1209 qui
765 1136 917 1210 pecuniam
937 1136 967 1192 in
984 1129 1094 1213 tergat)

54 1223 183 1284 nolentis
203 1225 348 1299 poenitere
369 1219 524 1301 proiecit⁶).
567 1219 768 1280 NOVICIUS:
788 1220 864 1280 Puto
887 1219 1095 1297 quodmultum

55 1309 218 1373 oeteaoeuu
238 1312 269 1369 iu
290 1309 485 1369 sacerdotibus
507 1310 657 1367 avaritiam
678 1307 828 1366 Dominus.

470 1390 486 1421 d

254 1516 257 1521 ’
340 1576 343 1580 ¹
409 1497 643 1559 CAPITULUM
671 1496 753 1557 XLI.

181 1632 186 1637 ·
272 1621 322 1680 Dc
343 1623 475 1680 avaritia
497 1627 526 1680 et
540 1596 671 1680 'luxuria
690 1619 885 1680 sacerdotem.

124 1774 363 1837 MONAGHUS:
384 1775 431 1835 De
448 1776 504 1836 hoc
517 1793 575 1836 uon
595 1793 699 1851 meam,
720 1775 772 1835 sed
793 1777 880 1850 ipsius
891 1774 1008 1833 Domini
1028 1788 1096 1832 sen·

55 1865 180 1925 tentiam
201 1863 302 1923 audias
322 1880 375 1940 per
396 1880 428 1923 os
445 1862 778 1938 JeremiacProphetac:
799 1862 976 1936 Eatmdam,
997 1861 1096 1935 inquit,

55 1968 171 2011 marnae
191 1968 272 2009 meae
293 1968 382 2026 saper
403 1949 617 2009 habitatoreot
605 1957 717 2052 terme,-
746 1952 913 2007 amiciora
941 1965 1034 2024 eraque
1056 1946 1098 2005 ad

57 2040 244 2110 ωαωίσηωηπ,
274 2053 374 2096 onmes
394 2037 513 2096 student
501 2039 634 2096 tovorit
633 2039 697 2110 ioc,·
726 2042 755 2094 et
783 2054 804 2094 a
826 2035 975 2111 propheta
1002 2051 1097 2110 aeque

59 2124 107 2184 aci
124 2123 319 2196 sacerdotem,
342 2140 442 2182 coeam
461 2123 581 2214 faciant
602 2123 704 2181 dolam
714 2119 772 2194 ⁶.)
788 2120 864 2181 Item
883 2139 936 2197 per
955 2120 1096 2180 Ezechie-

58 2208 136 2271 lem:
161 2210 293 2285 Propter
308 2211 460 2285 perillam
472 2190 596 2282 horda,
625 2215 655 2267 et
677 2207 817 2284 fracescet
832 2211 923 2284 ponis
943 2206 1098 2267 violabant

58 2313 110 2355 me
124 2295 178 2369 ad
188 2297 338 2372 papalum
359 2314 472 2368 meum,
500 2303 536 2354 at
563 2295 740 2371 interficiant
769 2299 901 2368 atrimae,
931 2313 1009 2370 qaae
1034 2311 1097 2352 aare

59 2384 251 2455 moriautur,
274 2389 303 2442 et
323 2383 480 2458 vivificent,
510 2399 587 2457 quoe
614 2399 676 2441 aon
703 2385 809 2441 vivam
821 2379 852 2453 ⁷.)
894 2378 1096 2440 NOVICIUS·

59 2466 147 2529 Sicut
166 2469 273 2544 audivi,
295 2468 420 2544 qrridam
433 2469 608 2528 confessores
629 2485 681 2542 pro
703 2484 760 2526 uno
782 2466 933 2544 gallinacio
945 2457 966 2548 7)
990 2467 1098 2526 etvini

59 2557 189 2615 aextafio
222 2555 378 2625 multorum
408 2571 532 2630 poenam
566 2561 750 2630 peccatorum
768 2552 789 2635 7)
818 2553 866 2614 vel
892 2553 1023 2613 relaxant
1049 2550 1098 2612 vel

61 2640 251 2701 dissimulant
300 2639 539 2700 MONACHUS:
574 2640 683 2700 Idcirco
713 2643 753 2700 eis
789 2658 841 2716 per
870 2639 946 2700 Orac
981 2640 1098 2700 dioitm:

60 2728 195 2788 Peccata
210 2729 318 2804 populi
338 2730 396 2786 mei
416 2729 604 2787 comederunt
621 2725 660 2806 ¹⁰).
702 2729 741 2787 Et
761 2728 817 2786 hoc
838 2730 921 2801 scias,
942 2725 1020 2802 quod
1040 2742 1098 2783 non

59 2814 158 2875 solum
178 2816 280 2873 uitium
301 2816 453 2889 avaritiae,
480 2814 532 2873 scd
561 2817 647 2874 otiam
672 2816 773 2874 vitium
800 2814 928 2872 luxuriae
949 2815 979 2871 in
1000 2829 1098 2871 saeer-

61 2899 181 2961 dciibus
202 2900 392 2976 reprehendat
403 2901 554 2976 Dominus,
582 2901 677 2960 dicens
698 2919 749 2977 per
769 2901 957 2976 Prophetam:
986 2901 1099 2958 Vaccae
1172 2948 1174 2954 ,

60 2988 218 3047 Bethaven
239 2989 395 3047 coluerunt
415 2986 595 3047 habitatores
616 2989 773 3066 Samariae
790 2985 830 3059 ΙΙ).
858 2987 989 3047 Samaria
1008 2989 1098 3046 inter-

59 3080 191 3151 pretatur
223 3073 368 3149 custodia,
388 3073 564 3134 habitatores
585 3075 731 3135 Samariae
752 3074 915 3133 sacerdotes
937 3080 1017 3150 sunt,
1049 3075 1099 3149 qui

60 3176 177 3236 semper
197 3162 227 3218 in
249 3163 293 3221 sui
315 3167 344 3220 et
365 3161 486 3220 aliorum
518 3162 571 3220 sibi
596 3164 810 3220 commissorum
832 3161 963 3221 custodia
982 3178 1098 3220 manere

61 3245 180 3308 debent
221 3246 262 3306 Hi
290 3265 395 3307 vaccas
415 3248 566 3308 Bethaven
593 3248 703 3324 colunt,
736 3247 804 3307 dum
825 3247 968 3308 luxuriose
989 3250 1099 3306 vivunt

60 3332 177 3395 Horum
203 3333 306 3393 domus
339 3334 445 3394 inutilis
473 3340 532 3409 est,
564 3337 633 3410 quia
667 3334 723 3394 hoc
750 3335 901 3395 Bethavcn
928 3337 1098 3411 interpreta-

82 3517 368 3588 i)Bpoatuletem
395 3521 618 3586 pecuniam-
645 3520 676 3588 2)
694 3520 785 3572 ruodo
812 3536 852 3572 om
875 3520 954 3572 B.-
982 3520 1013 3588 3)
1032 3519 1099 3586 prG

135 3587 303 3641 sacerdoti
328 3589 476 3641 confessi
503 3605 668 3641 sumus—
695 3589 932 3658 4)Gtergo.-
960 3590 1099 3658 5)Bpe-

134 3659 262 3710 cuniam
279 3660 422 3725 proiecit
444 3660 476 3709 iu
494 3667 587 3727 terga
604 3659 749 3710 uolentis
767 3660 985 3711 confiteri-
955 3660 1036 3727 -6)
1053 3659 1100 3711 Je-

134 3726 361 3865 moggus?
367 3727 572 3865 poe'ssrgzeeh
566 3729 634 3867 1¹0³)
648 3729 742 3852 giga.
724 3800 756 3863 4,
762 3730 849 3851 Ἧ-
812 3744 848 3780 Μ
865 3730 980 3868 114ss1
935 3798 994 3853 Oce.
1008 3729 1055 3864 1)),
1058 3728 1100 3854 ¹35G
