2438 4170
414 113 469 173 DE
490 109 762 173 DAEMONIBUS.
1036 112 1097 170 317

69 236 195 310 sonant
216 240 246 294 et
266 236 397 294 conversi
414 234 521 295 lectum
541 233 626 309 adiit,
651 251 737 310 quem
759 232 875 309 quidem
897 231 1099 305 dormientem,

73 320 121 381 ted
148 322 335 398 incomposite
367 326 395 380 et
420 321 563 397 impudice
590 321 786 396 nudatumque
815 321 955 379 iacentem
983 320 1099 377 invenit

77 402 174 469 durem
193 407 232 467 ad
253 410 368 485 signum
386 425 480 468 nonae
496 410 685 485 surgentibus,
705 407 753 466 ille
774 424 891 483 gravem
913 423 944 465 se
965 408 1099 479 sentiens,

77 507 180 573 ungere
208 511 267 555 non
286 496 394 570 potuit,
423 501 452 554 et
472 495 510 553 ad
531 512 683 570 vesperam
704 496 733 552 in
754 494 961 551 infirmitorium
983 492 1099 565 ductus,

11 576 15 585 “
77 578 137 641 bita
155 580 280 640 triduum
301 583 390 641 vitam
410 581 509 640 finivit.
551 580 634 641 Haec
651 581 729 656 apud
750 598 804 639 nos
826 580 954 639 ciusdem
975 585 1098 654 utputo

10 674 13 747 j
76 664 312 745 loelgrangiarius
328 670 466 742 recitavit,
488 685 617 727 asserens
639 669 694 727 sibi
715 668 821 726 dictum
843 668 880 726 ab
904 665 1006 725 codem
1028 682 1098 725 con-

10 774 25 819 r„
75 770 148 815 verso
171 757 220 830 qui
240 753 312 814 vidit
332 757 480 829 visionem,
501 755 554 814 sub
567 761 636 830 typo
660 755 852 814 confessionis.
895 751 1097 812 NOVICIUS:

10 826 17 887 l
74 838 139 900 dum
160 840 249 909 Deus¹
275 858 386 901 summe
417 843 455 900 sit
477 842 651 914 misericors,
683 847 711 900 et
730 837 746 919 ¹)
777 841 919 900 dormiens
953 838 1099 898 modicum
1131 898 1134 903 ,

10 904 17 939 ¹
61 926 174 988 differat
195 945 215 986 a
234 934 362 1002 mortuo,
388 927 456 1003 quid
478 933 521 986 est
543 926 620 1003 quod
641 927 717 986 idem
739 944 892 986 conversus
913 943 966 1001 pro
988 925 1098 984 tantillo

68 1015 179 1090 punitos
196 1012 259 1073 est?
302 1012 537 1074 MONAOHUS:
566 1014 652 1074 Forte
673 1016 756 1072 nimis
774 1021 834 1072 erat
855 1013 1002 1089 negligens
1025 1015 1099 1072 oirca

67 1116 148 1161 usum
170 1100 369 1160 verecundiae.
411 1099 595 1160 Verecundia
613 1103 674 1160 sive
698 1100 843 1176 pudicitia,
868 1117 943 1174 quae
971 1101 1098 1158 omnium

65 1192 260 1247 ornamentum
290 1194 332 1246 est
360 1189 508 1261 virtutum,
536 1204 594 1246 non
622 1186 715 1246 solum
740 1205 803 1247 esse
826 1187 912 1246 debet
933 1189 962 1244 in
983 1187 1099 1260 habitu,

63 1271 226 1335 sedetiam
245 1275 275 1332 in
296 1281 371 1333 actu.
413 1274 590 1349 Frequenter
612 1277 763 1350 oontmgit,
795 1280 828 1332 ut
850 1277 923 1333 sicut
942 1274 1029 1331 homo
1052 1274 1098 1330 in-

63 1362 149 1421 terior
158 1360 280 1421 libenter
293 1377 328 1420 ea
349 1377 424 1436 quae
446 1360 481 1420 de
504 1360 549 1419 die
572 1363 686 1437 cogitat,
706 1367 790 1420 nocte
802 1378 854 1436 per
867 1363 1098 1437 imaginationem

62 1452 213 1524 retractat,
243 1449 285 1506 ita
317 1449 437 1507 exterior
465 1446 514 1507 illa
547 1465 621 1522 quae
650 1447 770 1523 vigilans
801 1449 927 1522 factitat,
956 1447 1098 1505 dormiens

60 1532 223 1611 sequenter
257 1531 488 1614 repraesentet²).
541 1533 745 1594 NOVIOIUS:
779 1533 814 1591 In
848 1535 904 1592 hoc
933 1534 1098 1607 nomentio,

62 1623 131 1697 quia
156 1621 225 1681 novi
254 1621 393 1695 quosdam
421 1627 565 1696 raptores,
594 1624 643 1696 qui
671 1637 757 1695 saepe
778 1621 910 1679 noctibus
932 1618 1097 1679 dormiendo

61 1712 196 1785 snrgunt,
224 1723 306 1766 arma
331 1706 468 1782 induunt,
501 1715 619 1767 exemnt
639 1707 759 1784 gladios,
779 1706 883 1765 feriunt
902 1709 1041 1782 parietes,
1071 1712 1099 1765 et

60 1800 216 1871 postquam
236 1793 334 1852 lassati
354 1794 466 1869 fuerint,
487 1794 599 1870 singula
618 1797 649 1853 in
670 1794 734 1854 loca
755 1812 808 1852 sua
817 1790 837 1873 ³)
859 1799 1016 1868 reponunt,
1041 1794 1098 1851 sic·

62 1896 118 1956 que
139 1880 269 1941 cubitum
290 1880 418 1956 redeunt,
438 1898 492 1940 nec
514 1880 622 1955 aliquid
643 1881 747 1939 horum
767 1877 881 1959 manel)
906 1879 1098 1939 recordantur.

62 1964 298 2027 MONACHUS:
326 1965 413 2025 Forte
440 1966 516 2026 idem
549 1984 704 2026 conversus
727 1969 810 2025 nimis
837 1966 994 2026 indulserat
1021 1969 1098 2025 vino.

66 2050 290 2113 Inebriationem'
298 2052 419 2113 libenter
432 2055 559 2129 sequitur
581 2054 743 2114 denudatio.
786 2053 818 2113 Si
837 2054 900 2113 Noe
921 2071 981 2113 non
1000 2054 1100 2112 suisset

10 2168 14 2177 ·
62 2140 226 2214 inebriatus,
247 2156 301 2199 nec
322 2139 422 2199 fuisset
444 2140 613 2200 denudatus.
654 2141 693 2199 Et
714 2143 781 2216 quia
803 2140 972 2215 denudatus,
993 2140 1097 2199 idcirco

62 2225 159 2287 ofilio
181 2220 257 2307 ost⁶)
286 2226 487 2286 subsannatus.
529 2228 597 2287 Non
624 2228 717 2287 solum
739 2228 832 2305 angeli
854 2230 960 2302 sancti,
988 2226 1040 2285 sed
1070 2232 1099 2285 et

62 2312 129 2373 mali
149 2313 282 2374 nostibus
303 2330 357 2372 nos
377 2313 506 2389 lustrant,
531 2321 559 2374 ct
580 2317 677 2391 siper
697 2314 899 2391 negligentiam
921 2317 982 2373 sive
1004 2313 1098 2374 disso-

61 2398 200 2459 lutionem
228 2402 377 2478 contigerit
404 2417 457 2460 nos
485 2403 515 2460 in
542 2401 623 2460 lectis
650 2404 753 2462 nostris
780 2404 872 2461 iacere
899 2403 1097 2473 irreverenter,

61 2486 153 2546 bonos
175 2503 195 2546 a
221 2487 304 2546 nobis
325 2488 472 2564 fugamus,
502 2495 531 2547 et
552 2487 644 2547 malos
666 2488 704 2547 ad
725 2494 854 2546 nostram
874 2488 1032 2545 irrisionem
1052 2489 1097 2544 in·

61 2574 195 2633 vitamus.
238 2572 353 2649 Quanta
373 2577 466 2651 gratia
487 2577 527 2633 sic
542 2575 712 2633 dormientes
735 2574 907 2648 quandoque
929 2589 960 2631 se
977 2574 1098 2648 privent,

60 2658 162 2721 audies
182 2662 213 2718 in
234 2659 412 2720 distinctione
437 2663 560 2736 septima
581 2661 705 2736 capitulo
727 2662 809 2719 tertio
832 2660 943 2719 decimo
967 2665 995 2717 et
1018 2661 1097 2735 capi-

59 2745 121 2807 tulo
143 2752 246 2822 quarto
268 2747 386 2823 decimo,
408 2749 437 2805 in
460 2749 563 2823 quibus
585 2748 672 2806 beata
685 2748 742 2806 Dei
762 2749 883 2822 genitrix
904 2764 955 2821 per
976 2762 1008 2804 sc
1030 2746 1097 2805 dor-

59 2835 181 2895 mientes
201 2835 329 2893 visitavit
340 2831 370 2914 ⁶).
412 2832 615 2895 NOVICIUS:
636 2833 783 2894 Habuitne
806 2851 960 2893 conversus
981 2834 1098 2908 praedi·

59 2926 123 2981 otus
145 2919 314 2981 caritatem?
356 2918 592 2982 MONACHUS:
620 2921 686 2981 Non
707 2921 776 2979 milri
796 2921 852 2981 hoc
874 2926 998 2995 constat,
1024 2923 1098 2980 sicut

59 3013 91 3069 et
117 3006 154 3067 do
182 3006 336 3082 praedictis
363 3009 488 3083 feminis,
518 3027 588 3084 quas
617 3007 774 3068 diabolicus
803 3010 935 3067 exstinxit
955 3014 1096 3083 aspectus.

60 3092 147 3171 Quod
187 3111 256 3154 vero
286 3094 419 3158 diabolus
454 3096 595 3171 quosdam
618 3101 785 3171 peccatores
806 3098 835 3153 in
864 3092 1019 3174 peceatis⁷)
1049 3097 1093 3153 in-

58 3180 189 3257 terliciat,
211 3181 415 3258 subsequentia
437 3181 623 3241 declarabunt
644 3181 784 3258 exempla.

78 3539 204 3611 onas
226 3540 328 3595 lronro.
352 3570 383 3582 —
411 3540 545 3610 cultor
567 3549 808 3610 repraesentat.
832 3572 863 3581 -
897 3542 930 3611 3)
959 3541 1001 3595 BG
1022 3542 1096 3594 loco

129 3610 516 3751 [pon-hdgdanrzrtrgspddllc.
530 3639 562 3651 -
580 3611 612 3680 5)
630 3620 682 3665 est
698 3610 749 3664 add
761 3611 789 3664 B.
804 3641 835 3653 —
848 3611 913 3680 6)Α
930 3612 1097 3664 visitabit.
