<?xml version="1.0" encoding="UTF-8"?>
<!DOCTYPE html PUBLIC "-//W3C//DTD XHTML 1.0 Transitional//EN"
    "http://www.w3.org/TR/xhtml1/DTD/xhtml1-transitional.dtd">
<html xmlns="http://www.w3.org/1999/xhtml" xml:lang="en" lang="en">
 <head>
  <title>
</title>
<meta http-equiv="Content-Type" content="text/html;charset=utf-8" />
  <meta name='ocr-system' content='tesseract 3.04.00' />
  <meta name='ocr-capabilities' content='ocr_page ocr_carea ocr_par ocr_line ocrx_word'/>
</head>
<body>
  <div class='ocr_page' id='page_1' title='image "./caesariiheister00stragoog_0106.png"; bbox 0 0 2460 4162; ppageno 0'>
   <div class='ocr_carea' id='block_1_1' title="bbox 408 216 1099 298">
    <p class='ocr_par' dir='ltr' id='par_1_1' title="bbox 408 216 1099 298">
     <span class='ocr_line' id='line_1_1' title="bbox 408 216 1099 298; baseline 0 -2"><span class='ocrx_word' id='word_1_1' title='bbox 408 235 463 296; x_wconf 81' lang='lat' dir='ltr'>nu</span> <span class='ocrx_word' id='word_1_2' title='bbox 485 216 761 298; x_wconf 76' lang='lat' dir='ltr'>concursionis.</span> <span class='ocrx_word' id='word_1_3' title='bbox 1061 239 1099 296; x_wconf 81' lang='lat' dir='ltr'>er</span> 
     </span>
    </p>
   </div>
   <div class='ocr_carea' id='block_1_2' title="bbox 65 358 1104 1286">
    <p class='ocr_par' dir='ltr' id='par_1_2' title="bbox 65 358 1104 1286">
     <span class='ocr_line' id='line_1_2' title="bbox 69 358 1103 438; baseline -0.001 -19"><span class='ocrx_word' id='word_1_4' title='bbox 69 359 159 420; x_wconf 91' lang='lat' dir='ltr'>modo&#39;</span> <span class='ocrx_word' id='word_1_5' title='bbox 179 364 262 435; x_wconf 85' lang='lat' dir='ltr'>pater</span> <span class='ocrx_word' id='word_1_6' title='bbox 284 358 464 419; x_wconf 87' lang='lat' dir='ltr'>dulcissimus</span> <span class='ocrx_word' id='word_1_7' title='bbox 487 362 550 436; x_wconf 87' lang='lat' dir='ltr'>cogi</span> <span class='ocrx_word' id='word_1_8' title='bbox 571 358 644 418; x_wconf 90' lang='lat' dir='ltr'>solet</span> <span class='ocrx_word' id='word_1_9' title='bbox 672 377 690 419; x_wconf 90' lang='lat' dir='ltr'>a</span> <span class='ocrx_word' id='word_1_10' title='bbox 716 359 781 418; x_wconf 89' lang='lat' dir='ltr'>filiis</span> <span class='ocrx_word' id='word_1_11' title='bbox 799 365 839 419; x_wconf 70' lang='lat' dir='ltr'>&#39;et</span> <span class='ocrx_word' id='word_1_12' title='bbox 859 358 973 418; x_wconf 87' lang='lat' dir='ltr'>filiabus</span> <span class='ocrx_word' id='word_1_13' title='bbox 995 358 1103 438; x_wconf 86' lang='lat' dir='ltr'>delica-</span> 
     </span>
     <span class='ocr_line' id='line_1_3' title="bbox 68 444 1103 529; baseline -0.002 -23"><span class='ocrx_word' id='word_1_14' title='bbox 68 449 178 506; x_wconf 85' lang='lat' dir='ltr'>tissime</span> <span class='ocrx_word' id='word_1_15' title='bbox 199 447 236 506; x_wconf 88' lang='lat' dir='ltr'>ab</span> <span class='ocrx_word' id='word_1_16' title='bbox 260 463 295 506; x_wconf 93' lang='lat' dir='ltr'>eo</span> <span class='ocrx_word' id='word_1_17' title='bbox 316 448 438 504; x_wconf 89' lang='lat' dir='ltr'>nutritis.</span> <span class='ocrx_word' id='word_1_18' title='bbox 481 444 715 505; x_wconf 82' lang='lat' dir='ltr'><strong>MONACHUS:</strong></span> <span class='ocrx_word' id='word_1_19' title='bbox 744 446 800 523; x_wconf 85' lang='lat' dir='ltr'>Qui</span> <span class='ocrx_word' id='word_1_20' title='bbox 826 445 1036 529; x_wconf 17' lang='lat' dir='ltr'>eumkpersecte</span> <span class='ocrx_word' id='word_1_21' title='bbox 1058 445 1103 504; x_wconf 92' lang='lat' dir='ltr'>di·</span> 
     </span>
     <span class='ocr_line' id='line_1_4' title="bbox 68 532 1103 610; baseline -0.002 -18"><span class='ocrx_word' id='word_1_22' title='bbox 68 533 172 610; x_wconf 86' lang='lat' dir='ltr'>ligunt,</span> <span class='ocrx_word' id='word_1_23' title='bbox 192 532 300 591; x_wconf 87' lang='lat' dir='ltr'>nullam</span> <span class='ocrx_word' id='word_1_24' title='bbox 321 533 359 592; x_wconf 89' lang='lat' dir='ltr'>ab</span> <span class='ocrx_word' id='word_1_25' title='bbox 381 535 444 608; x_wconf 88' lang='lat' dir='ltr'>ipso</span> <span class='ocrx_word' id='word_1_26' title='bbox 465 534 692 592; x_wconf 80' lang='lat' dir='ltr'>morationibus</span> <span class='ocrx_word' id='word_1_27' title='bbox 714 535 772 592; x_wconf 90' lang='lat' dir='ltr'>suis</span> <span class='ocrx_word' id='word_1_28' title='bbox 793 535 938 608; x_wconf 90' lang='lat' dir='ltr'>patiuntur</span> <span class='ocrx_word' id='word_1_29' title='bbox 952 532 1103 608; x_wconf 85' lang='lat' dir='ltr'>repulsam,</span> 
     </span>
     <span class='ocr_line' id='line_1_5' title="bbox 68 617 1103 695; baseline 0 -16"><span class='ocrx_word' id='word_1_30' title='bbox 68 622 95 679; x_wconf 86' lang='lat' dir='ltr'>si</span> <span class='ocrx_word' id='word_1_31' title='bbox 115 620 214 678; x_wconf 84' lang='lat' dir='ltr'>tamen</span> <span class='ocrx_word' id='word_1_32' title='bbox 235 618 321 678; x_wconf 88' lang='lat' dir='ltr'>saluti</span> <span class='ocrx_word' id='word_1_33' title='bbox 342 621 482 678; x_wconf 85' lang='lat' dir='ltr'>contraria</span> <span class='ocrx_word' id='word_1_34' title='bbox 503 636 560 678; x_wconf 91' lang='lat' dir='ltr'>non</span> <span class='ocrx_word' id='word_1_35' title='bbox 580 619 683 677; x_wconf 86' lang='lat' dir='ltr'>luerint</span> <span class='ocrx_word' id='word_1_36' title='bbox 705 637 778 695; x_wconf 85' lang='lat' dir='ltr'>quae</span> <span class='ocrx_word' id='word_1_37' title='bbox 802 625 945 694; x_wconf 89' lang='lat' dir='ltr'>petuntur.</span> <span class='ocrx_word' id='word_1_38' title='bbox 987 617 1103 679; x_wconf 90' lang='lat' dir='ltr'>NOVI-</span> 
     </span>
     <span class='ocr_line' id='line_1_6' title="bbox 70 704 1104 780; baseline -0.003 -15"><span class='ocrx_word' id='word_1_39' title='bbox 70 705 177 765; x_wconf 80' lang='lat' dir='ltr'>clus:</span> <span class='ocrx_word' id='word_1_40' title='bbox 203 705 234 766; x_wconf 84' lang='lat' dir='ltr'>Si</span> <span class='ocrx_word' id='word_1_41' title='bbox 254 705 397 765; x_wconf 87' lang='lat' dir='ltr'>Dominus</span> <span class='ocrx_word' id='word_1_42' title='bbox 419 705 527 765; x_wconf 81' lang='lat' dir='ltr'><strong>confert</strong></span> <span class='ocrx_word' id='word_1_43' title='bbox 555 706 640 765; x_wconf 87' lang='lat' dir='ltr'>alicui</span> <span class='ocrx_word' id='word_1_44' title='bbox 666 708 695 763; x_wconf 93' lang='lat' dir='ltr'>in</span> <span class='ocrx_word' id='word_1_45' title='bbox 725 709 851 765; x_wconf 89' lang='lat' dir='ltr'>oratione</span> <span class='ocrx_word' id='word_1_46' title='bbox 877 706 1024 780; x_wconf 84' lang='lat' dir='ltr'>lacrimas,</span> <span class='ocrx_word' id='word_1_47' title='bbox 1056 704 1104 764; x_wconf 88' lang='lat' dir='ltr'>vel</span> 
     </span>
     <span class='ocr_line' id='line_1_7' title="bbox 67 790 1104 869; baseline -0.002 -16"><span class='ocrx_word' id='word_1_48' title='bbox 67 791 128 853; x_wconf 83' lang='lat' dir='ltr'>alia</span> <span class='ocrx_word' id='word_1_49' title='bbox 148 792 227 853; x_wconf 87' lang='lat' dir='ltr'>bona</span> <span class='ocrx_word' id='word_1_50' title='bbox 247 795 330 869; x_wconf 85' lang='lat' dir='ltr'>signa</span> <span class='ocrx_word' id='word_1_51' title='bbox 352 793 540 865; x_wconf 81' lang='lat' dir='ltr'>contritionis,</span> <span class='ocrx_word' id='word_1_52' title='bbox 570 799 598 850; x_wconf 89' lang='lat' dir='ltr'>et</span> <span class='ocrx_word' id='word_1_53' title='bbox 618 790 681 851; x_wconf 82' lang='lat' dir='ltr'>vult</span> <span class='ocrx_word' id='word_1_54' title='bbox 700 791 749 851; x_wconf 85' lang='lat' dir='ltr'>illa</span> <span class='ocrx_word' id='word_1_55' title='bbox 769 794 807 852; x_wconf 91' lang='lat' dir='ltr'>ab</span> <span class='ocrx_word' id='word_1_56' title='bbox 829 791 890 851; x_wconf 84' lang='lat' dir='ltr'>aliis</span> <span class='ocrx_word' id='word_1_57' title='bbox 911 792 1014 866; x_wconf 89' lang='lat' dir='ltr'>videri,</span> <span class='ocrx_word' id='word_1_58' title='bbox 1044 798 1104 851; x_wconf 91' lang='lat' dir='ltr'>est-</span> 
     </span>
     <span class='ocr_line' id='line_1_8' title="bbox 69 876 1104 955; baseline -0.003 -16"><span class='ocrx_word' id='word_1_59' title='bbox 69 896 108 939; x_wconf 90' lang='lat' dir='ltr'>ne</span> <span class='ocrx_word' id='word_1_60' title='bbox 137 880 165 937; x_wconf 91' lang='lat' dir='ltr'>ei</span> <span class='ocrx_word' id='word_1_61' title='bbox 192 877 406 955; x_wconf 78' lang='lat' dir='ltr'>periculosum?</span> <span class='ocrx_word' id='word_1_62' title='bbox 450 876 682 938; x_wconf 81' lang='lat' dir='ltr'><strong>MONAOHUS:</strong></span> <span class='ocrx_word' id='word_1_63' title='bbox 726 877 890 939; x_wconf 79' lang='lat' dir='ltr'>Secundum</span> <span class='ocrx_word' id='word_1_64' title='bbox 919 881 1104 938; x_wconf 91' lang='lat' dir='ltr'>intentionem</span> 
     </span>
     <span class='ocr_line' id='line_1_9' title="bbox 67 964 1104 1041; baseline -0.001 -16"><span class='ocrx_word' id='word_1_65' title='bbox 67 966 179 1025; x_wconf 82' lang='lat' dir='ltr'>orantis</span> <span class='ocrx_word' id='word_1_66' title='bbox 211 965 318 1041; x_wconf 85' lang='lat' dir='ltr'>pendet</span> <span class='ocrx_word' id='word_1_67' title='bbox 339 965 441 1024; x_wconf 91' lang='lat' dir='ltr'>solutio</span> <span class='ocrx_word' id='word_1_68' title='bbox 463 964 548 1023; x_wconf 90' lang='lat' dir='ltr'>huius</span> <span class='ocrx_word' id='word_1_69' title='bbox 570 967 752 1040; x_wconf 82' lang='lat' dir='ltr'>quaestionis.</span> <span class='ocrx_word' id='word_1_70' title='bbox 794 965 826 1025; x_wconf 84' lang='lat' dir='ltr'>Si</span> <span class='ocrx_word' id='word_1_71' title='bbox 847 967 873 1024; x_wconf 91' lang='lat' dir='ltr'>ei</span> <span class='ocrx_word' id='word_1_72' title='bbox 889 964 992 1040; x_wconf 85' lang='lat' dir='ltr'>placet,</span> <span class='ocrx_word' id='word_1_73' title='bbox 1012 965 1104 1024; x_wconf 82' lang='lat' dir='ltr'>utelii</span> 
     </span>
     <span class='ocr_line' id='line_1_10' title="bbox 66 1051 1104 1128; baseline -0.003 -15"><span class='ocrx_word' id='word_1_74' title='bbox 66 1052 204 1113; x_wconf 81' lang='lat' dir='ltr'>lacrimas</span> <span class='ocrx_word' id='word_1_75' title='bbox 226 1054 287 1111; x_wconf 91' lang='lat' dir='ltr'>eius</span> <span class='ocrx_word' id='word_1_76' title='bbox 309 1051 433 1126; x_wconf 89' lang='lat' dir='ltr'>videant,</span> <span class='ocrx_word' id='word_1_77' title='bbox 456 1057 595 1126; x_wconf 89' lang='lat' dir='ltr'>quatenus</span> <span class='ocrx_word' id='word_1_78' title='bbox 617 1069 668 1128; x_wconf 92' lang='lat' dir='ltr'>per</span> <span class='ocrx_word' id='word_1_79' title='bbox 690 1069 739 1110; x_wconf 88' lang='lat' dir='ltr'>eas</span> <span class='ocrx_word' id='word_1_80' title='bbox 761 1052 952 1127; x_wconf 84' lang='lat' dir='ltr'>aedificentur,</span> <span class='ocrx_word' id='word_1_81' title='bbox 973 1055 1034 1127; x_wconf 87' lang='lat' dir='ltr'>ipse</span> <span class='ocrx_word' id='word_1_82' title='bbox 1056 1057 1104 1110; x_wconf 86' lang='lat' dir='ltr'>ta-</span> 
     </span>
     <span class='ocr_line' id='line_1_11' title="bbox 65 1136 1103 1215; baseline -0.001 -16"><span class='ocrx_word' id='word_1_83' title='bbox 65 1156 136 1199; x_wconf 91' lang='lat' dir='ltr'>men</span> <span class='ocrx_word' id='word_1_84' title='bbox 158 1136 347 1199; x_wconf 78' lang='lat' dir='ltr'>humilitatem</span> <span class='ocrx_word' id='word_1_85' title='bbox 368 1141 397 1197; x_wconf 93' lang='lat' dir='ltr'>in</span> <span class='ocrx_word' id='word_1_86' title='bbox 419 1137 504 1198; x_wconf 89' lang='lat' dir='ltr'>corde</span> <span class='ocrx_word' id='word_1_87' title='bbox 526 1138 675 1215; x_wconf 90' lang='lat' dir='ltr'>custodiat,</span> <span class='ocrx_word' id='word_1_88' title='bbox 696 1145 834 1214; x_wconf 66' lang='lat' dir='ltr'>meretum</span> <span class='ocrx_word' id='word_1_89' title='bbox 856 1141 900 1198; x_wconf 88' lang='lat' dir='ltr'>sin</span> <span class='ocrx_word' id='word_1_90' title='bbox 922 1145 1028 1214; x_wconf 91' lang='lat' dir='ltr'>autem,</span> <span class='ocrx_word' id='word_1_91' title='bbox 1050 1138 1103 1198; x_wconf 90' lang='lat' dir='ltr'>de·</span> 
     </span>
     <span class='ocr_line' id='line_1_12' title="bbox 66 1230 204 1286; baseline -0.022 -1"><span class='ocrx_word' id='word_1_92' title='bbox 66 1230 204 1286; x_wconf 81' lang='lat' dir='ltr'>merettu.</span> 
     </span>
    </p>
   </div>
   <div class='ocr_carea' id='block_1_3' title="bbox 378 1465 800 1550">
    <p class='ocr_par' dir='ltr' id='par_1_3' title="bbox 378 1465 800 1550">
     <span class='ocr_line' id='line_1_13' title="bbox 378 1465 800 1550; baseline -0.002 -24"><span class='ocrx_word' id='word_1_93' title='bbox 378 1540 383 1550; x_wconf 27' lang='lat'>¹</span> <span class='ocrx_word' id='word_1_94' title='bbox 415 1465 647 1527; x_wconf 65' lang='lat' dir='ltr'>currulium</span> <span class='ocrx_word' id='word_1_95' title='bbox 666 1467 769 1526; x_wconf 79' lang='lat' dir='ltr'>mm.</span> <span class='ocrx_word' id='word_1_96' title='bbox 796 1516 800 1525; x_wconf 90' lang='lat'>.</span> 
     </span>
    </p>
   </div>
   <div class='ocr_carea' id='block_1_4' title="bbox 66 1622 1104 1785">
    <p class='ocr_par' dir='ltr' id='par_1_4' title="bbox 66 1622 1104 1785">
     <span class='ocr_line' id='line_1_14' title="bbox 66 1622 1104 1698; baseline -0.003 -16"><span class='ocrx_word' id='word_1_97' title='bbox 66 1623 118 1682; x_wconf 86' lang='lat' dir='ltr'>De</span> <span class='ocrx_word' id='word_1_98' title='bbox 139 1623 300 1696; x_wconf 78' lang='lat' dir='ltr'>monacho,</span> <span class='ocrx_word' id='word_1_99' title='bbox 322 1622 364 1681; x_wconf 86' lang='lat' dir='ltr'>ad</span> <span class='ocrx_word' id='word_1_100' title='bbox 383 1626 467 1682; x_wconf 78' lang='lat' dir='ltr'>ecies</span> <span class='ocrx_word' id='word_1_101' title='bbox 488 1623 626 1681; x_wconf 81' lang='lat' dir='ltr'>lacrimas</span> <span class='ocrx_word' id='word_1_102' title='bbox 648 1622 782 1681; x_wconf 79' lang='lat' dir='ltr'>dioboles</span> <span class='ocrx_word' id='word_1_103' title='bbox 803 1626 942 1698; x_wconf 78' lang='lat' dir='ltr'>respexit,</span> <span class='ocrx_word' id='word_1_104' title='bbox 964 1639 1032 1681; x_wconf 80' lang='lat' dir='ltr'>oum</span> <span class='ocrx_word' id='word_1_105' title='bbox 1054 1638 1104 1680; x_wconf 83' lang='lat' dir='ltr'>eor</span> 
     </span>
     <span class='ocr_line' id='line_1_15' title="bbox 340 1711 841 1785; baseline -0.002 -17"><span class='ocrx_word' id='word_1_106' title='bbox 340 1713 401 1770; x_wconf 79' lang='lat' dir='ltr'>cios</span> <span class='ocrx_word' id='word_1_107' title='bbox 421 1711 507 1768; x_wconf 80' lang='lat' dir='ltr'>inani</span> <span class='ocrx_word' id='word_1_108' title='bbox 527 1711 625 1785; x_wconf 72' lang='lat' dir='ltr'>glorie</span> <span class='ocrx_word' id='word_1_109' title='bbox 647 1711 841 1768; x_wconf 77' lang='lat' dir='ltr'>extolleretur.</span> 
     </span>
    </p>
   </div>
   <div class='ocr_carea' id='block_1_5' title="bbox 69 1879 1178 3519">
    <p class='ocr_par' dir='ltr' id='par_1_5' title="bbox 69 1879 1178 3519">
     <span class='ocr_line' id='line_1_16' title="bbox 135 1879 1104 1958; baseline 0.001 -19"><span class='ocrx_word' id='word_1_110' title='bbox 135 1879 299 1941; x_wconf 80' lang='lat' dir='ltr'>Monachus</span> <span class='ocrx_word' id='word_1_111' title='bbox 320 1879 436 1956; x_wconf 85' lang='lat' dir='ltr'>quidam</span> <span class='ocrx_word' id='word_1_112' title='bbox 456 1899 578 1958; x_wconf 88' lang='lat' dir='ltr'>magnae</span> <span class='ocrx_word' id='word_1_113' title='bbox 601 1883 739 1957; x_wconf 90' lang='lat' dir='ltr'>opinionis</span> <span class='ocrx_word' id='word_1_114' title='bbox 760 1881 857 1940; x_wconf 90' lang='lat' dir='ltr'>retulit</span> <span class='ocrx_word' id='word_1_115' title='bbox 876 1881 960 1956; x_wconf 88' lang='lat' dir='ltr'>milri,</span> <span class='ocrx_word' id='word_1_116' title='bbox 989 1879 1104 1955; x_wconf 90' lang='lat' dir='ltr'>quando</span> 
     </span>
     <span class='ocr_line' id='line_1_17' title="bbox 69 1965 1104 2044; baseline -0.001 -18"><span class='ocrx_word' id='word_1_117' title='bbox 69 1967 203 2027; x_wconf 77' lang='lat' dir='ltr'>novicim</span> <span class='ocrx_word' id='word_1_118' title='bbox 222 1968 279 2043; x_wconf 87' lang='lat' dir='ltr'>fui,</span> <span class='ocrx_word' id='word_1_119' title='bbox 308 1967 344 2028; x_wconf 90' lang='lat' dir='ltr'>de</span> <span class='ocrx_word' id='word_1_120' title='bbox 366 1968 491 2044; x_wconf 87' lang='lat' dir='ltr'>quodam</span> <span class='ocrx_word' id='word_1_121' title='bbox 512 1968 670 2043; x_wconf 86' lang='lat' dir='ltr'>monacho,</span> <span class='ocrx_word' id='word_1_122' title='bbox 699 1965 777 2044; x_wconf 89' lang='lat' dir='ltr'>quod</span> <span class='ocrx_word' id='word_1_123' title='bbox 798 1969 843 2028; x_wconf 92' lang='lat' dir='ltr'>die</span> <span class='ocrx_word' id='word_1_124' title='bbox 866 1966 1005 2043; x_wconf 85' lang='lat' dir='ltr'>quadam,</span> <span class='ocrx_word' id='word_1_125' title='bbox 1038 1984 1104 2025; x_wconf 87' lang='lat' dir='ltr'>eum</span> 
     </span>
     <span class='ocr_line' id='line_1_18' title="bbox 71 2055 1178 2131; baseline -0.002 -17"><span class='ocrx_word' id='word_1_126' title='bbox 71 2055 182 2114; x_wconf 65' lang='lat' dir='ltr'>necet</span> <span class='ocrx_word' id='word_1_127' title='bbox 200 2055 231 2112; x_wconf 90' lang='lat' dir='ltr'>in</span> <span class='ocrx_word' id='word_1_128' title='bbox 252 2057 380 2115; x_wconf 75' lang='lat' dir='ltr'>emtione</span> <span class='ocrx_word' id='word_1_129' title='bbox 402 2061 468 2115; x_wconf 88' lang='lat' dir='ltr'>ante</span> <span class='ocrx_word' id='word_1_130' title='bbox 489 2055 634 2131; x_wconf 83' lang='lat' dir='ltr'>quoddam</span> <span class='ocrx_word' id='word_1_131' title='bbox 656 2055 753 2130; x_wconf 84' lang='lat' dir='ltr'>altare,</span> <span class='ocrx_word' id='word_1_132' title='bbox 777 2062 806 2114; x_wconf 93' lang='lat' dir='ltr'>et</span> <span class='ocrx_word' id='word_1_133' title='bbox 826 2055 968 2115; x_wconf 89' lang='lat' dir='ltr'>Dominus</span> <span class='ocrx_word' id='word_1_134' title='bbox 990 2056 1016 2113; x_wconf 94' lang='lat' dir='ltr'>ei</span> <span class='ocrx_word' id='word_1_135' title='bbox 1036 2060 1104 2112; x_wconf 88' lang='lat' dir='ltr'>tan·</span> <span class='ocrx_word' id='word_1_136' title='bbox 1176 2095 1178 2100; x_wconf 88' lang='lat'>-</span> 
     </span>
     <span class='ocr_line' id='line_1_19' title="bbox 72 2140 1104 2219; baseline -0.002 -18"><span class='ocrx_word' id='word_1_137' title='bbox 72 2146 137 2201; x_wconf 71' lang='lat' dir='ltr'>nm</span> <span class='ocrx_word' id='word_1_138' title='bbox 158 2140 323 2201; x_wconf 82' lang='lat' dir='ltr'>contulisset</span> <span class='ocrx_word' id='word_1_139' title='bbox 342 2144 464 2219; x_wconf 83' lang='lat' dir='ltr'>gratiam</span> <span class='ocrx_word' id='word_1_140' title='bbox 484 2142 671 2217; x_wconf 88' lang='lat' dir='ltr'>lacrimarum,</span> <span class='ocrx_word' id='word_1_141' title='bbox 692 2148 725 2200; x_wconf 92' lang='lat' dir='ltr'>ut</span> <span class='ocrx_word' id='word_1_142' title='bbox 747 2145 832 2202; x_wconf 90' lang='lat' dir='ltr'>etiam</span> <span class='ocrx_word' id='word_1_143' title='bbox 845 2143 973 2218; x_wconf 82' lang='lat' dir='ltr'>irrigaret</span> <span class='ocrx_word' id='word_1_144' title='bbox 985 2147 1104 2215; x_wconf 86' lang='lat' dir='ltr'>terram3</span> 
     </span>
     <span class='ocr_line' id='line_1_20' title="bbox 73 2228 1105 2305; baseline 0 -19"><span class='ocrx_word' id='word_1_145' title='bbox 73 2243 113 2287; x_wconf 81' lang='lat' dir='ltr'>ex</span> <span class='ocrx_word' id='word_1_146' title='bbox 132 2228 306 2287; x_wconf 87' lang='lat' dir='ltr'>immissione</span> <span class='ocrx_word' id='word_1_147' title='bbox 328 2228 445 2303; x_wconf 87' lang='lat' dir='ltr'>diaboli,</span> <span class='ocrx_word' id='word_1_148' title='bbox 472 2235 504 2287; x_wconf 90' lang='lat' dir='ltr'>ut</span> <span class='ocrx_word' id='word_1_149' title='bbox 531 2235 632 2305; x_wconf 91' lang='lat' dir='ltr'>postea</span> <span class='ocrx_word' id='word_1_150' title='bbox 659 2231 767 2304; x_wconf 87' lang='lat' dir='ltr'>patuit,</span> <span class='ocrx_word' id='word_1_151' title='bbox 799 2229 877 2288; x_wconf 89' lang='lat' dir='ltr'>cordi</span> <span class='ocrx_word' id='word_1_152' title='bbox 906 2231 966 2288; x_wconf 91' lang='lat' dir='ltr'>eius</span> <span class='ocrx_word' id='word_1_153' title='bbox 988 2228 1105 2287; x_wconf 87' lang='lat' dir='ltr'>suborta</span> 
     </span>
     <span class='ocr_line' id='line_1_21' title="bbox 73 2314 1177 2394; baseline 0 -21"><span class='ocrx_word' id='word_1_154' title='bbox 73 2318 121 2373; x_wconf 78' lang='lat' dir='ltr'>est</span> <span class='ocrx_word' id='word_1_155' title='bbox 140 2314 232 2372; x_wconf 86' lang='lat' dir='ltr'>inanis</span> <span class='ocrx_word' id='word_1_156' title='bbox 253 2315 351 2390; x_wconf 86' lang='lat' dir='ltr'>gloria,</span> <span class='ocrx_word' id='word_1_157' title='bbox 372 2317 465 2374; x_wconf 84' lang='lat' dir='ltr'>itaut</span> <span class='ocrx_word' id='word_1_158' title='bbox 486 2315 686 2375; x_wconf 88' lang='lat' dir='ltr'>diecretintra</span> <span class='ocrx_word' id='word_1_159' title='bbox 707 2333 754 2374; x_wconf 88' lang='lat' dir='ltr'>se:</span> <span class='ocrx_word' id='word_1_160' title='bbox 790 2315 907 2375; x_wconf 90' lang='lat' dir='ltr'>Utinam</span> <span class='ocrx_word' id='word_1_161' title='bbox 928 2314 1036 2374; x_wconf 87' lang='lat' dir='ltr'>videret</span> <span class='ocrx_word' id='word_1_162' title='bbox 1050 2314 1105 2373; x_wconf 89' lang='lat' dir='ltr'>ali·</span> <span class='ocrx_word' id='word_1_163' title='bbox 1174 2383 1177 2394; x_wconf 28' lang='lat' dir='ltr'>y</span> 
     </span>
     <span class='ocr_line' id='line_1_22' title="bbox 73 2399 1105 2478; baseline 0 -19"><span class='ocrx_word' id='word_1_164' title='bbox 73 2401 142 2477; x_wconf 79' lang='lat' dir='ltr'>quic</span> <span class='ocrx_word' id='word_1_165' title='bbox 162 2399 248 2460; x_wconf 90' lang='lat' dir='ltr'>modo</span> <span class='ocrx_word' id='word_1_166' title='bbox 269 2404 390 2478; x_wconf 87' lang='lat' dir='ltr'>gratiam</span> <span class='ocrx_word' id='word_1_167' title='bbox 410 2404 504 2460; x_wconf 86' lang='lat' dir='ltr'>istam.</span> <span class='ocrx_word' id='word_1_168' title='bbox 546 2402 618 2461; x_wconf 82' lang='lat' dir='ltr'>Mox</span> <span class='ocrx_word' id='word_1_169' title='bbox 638 2404 662 2461; x_wconf 91' lang='lat' dir='ltr'>is</span> <span class='ocrx_word' id='word_1_170' title='bbox 685 2404 733 2478; x_wconf 93' lang='lat' dir='ltr'>qui</span> <span class='ocrx_word' id='word_1_171' title='bbox 753 2404 868 2460; x_wconf 86' lang='lat' dir='ltr'>immisit</span> <span class='ocrx_word' id='word_1_172' title='bbox 889 2402 985 2476; x_wconf 76' lang='lat' dir='ltr'>afflue,</span> <span class='ocrx_word' id='word_1_173' title='bbox 1018 2407 1046 2460; x_wconf 86' lang='lat' dir='ltr'>et</span> <span class='ocrx_word' id='word_1_174' title='bbox 1067 2400 1105 2459; x_wconf 91' lang='lat' dir='ltr'>ad</span> 
     </span>
     <span class='ocr_line' id='line_1_23' title="bbox 72 2486 1105 2565; baseline -0.002 -18"><span class='ocrx_word' id='word_1_175' title='bbox 72 2486 209 2547; x_wconf 73' lang='lat' dir='ltr'>hermes</span> <span class='ocrx_word' id='word_1_176' title='bbox 229 2489 289 2546; x_wconf 90' lang='lat' dir='ltr'>elus</span> <span class='ocrx_word' id='word_1_177' title='bbox 311 2495 390 2548; x_wconf 87' lang='lat' dir='ltr'>stans</span> <span class='ocrx_word' id='word_1_178' title='bbox 411 2506 430 2547; x_wconf 94' lang='lat' dir='ltr'>a</span> <span class='ocrx_word' id='word_1_179' title='bbox 450 2488 538 2547; x_wconf 89' lang='lat' dir='ltr'>latere</span> <span class='ocrx_word' id='word_1_180' title='bbox 560 2488 771 2565; x_wconf 86' lang='lat' dir='ltr'>diligentissime</span> <span class='ocrx_word' id='word_1_181' title='bbox 803 2490 934 2565; x_wconf 87' lang='lat' dir='ltr'>respexit.</span> <span class='ocrx_word' id='word_1_182' title='bbox 977 2487 1105 2546; x_wconf 78' lang='lat' dir='ltr'>Transfi-</span> 
     </span>
     <span class='ocr_line' id='line_1_24' title="bbox 73 2573 1106 2652; baseline -0.001 -19"><span class='ocrx_word' id='word_1_183' title='bbox 73 2581 229 2650; x_wconf 78' lang='lat' dir='ltr'>guraverat</span> <span class='ocrx_word' id='word_1_184' title='bbox 250 2577 326 2634; x_wconf 89' lang='lat' dir='ltr'>enim</span> <span class='ocrx_word' id='word_1_185' title='bbox 347 2592 379 2634; x_wconf 88' lang='lat' dir='ltr'>se</span> <span class='ocrx_word' id='word_1_186' title='bbox 398 2577 428 2634; x_wconf 90' lang='lat' dir='ltr'>in</span> <span class='ocrx_word' id='word_1_187' title='bbox 450 2578 575 2651; x_wconf 87' lang='lat' dir='ltr'>speciem</span> <span class='ocrx_word' id='word_1_188' title='bbox 596 2577 669 2652; x_wconf 81' lang='lat' dir='ltr'>nigri</span> <span class='ocrx_word' id='word_1_189' title='bbox 689 2575 829 2635; x_wconf 88' lang='lat' dir='ltr'>monachi.</span> <span class='ocrx_word' id='word_1_190' title='bbox 871 2575 985 2634; x_wconf 85' lang='lat' dir='ltr'>Levans</span> <span class='ocrx_word' id='word_1_191' title='bbox 1007 2573 1106 2633; x_wconf 90' lang='lat' dir='ltr'>oculos</span> 
     </span>
     <span class='ocr_line' id='line_1_25' title="bbox 74 2660 1105 2738; baseline -0.001 -19"><span class='ocrx_word' id='word_1_192' title='bbox 74 2660 248 2736; x_wconf 84' lang='lat' dir='ltr'>monachus,</span> <span class='ocrx_word' id='word_1_193' title='bbox 269 2667 329 2720; x_wconf 87' lang='lat' dir='ltr'>tam</span> <span class='ocrx_word' id='word_1_194' title='bbox 351 2661 522 2721; x_wconf 82' lang='lat' dir='ltr'>exhortore</span> <span class='ocrx_word' id='word_1_195' title='bbox 544 2665 645 2721; x_wconf 89' lang='lat' dir='ltr'>mentis</span> <span class='ocrx_word' id='word_1_196' title='bbox 667 2680 754 2737; x_wconf 87' lang='lat' dir='ltr'>quam</span> <span class='ocrx_word' id='word_1_197' title='bbox 776 2679 811 2721; x_wconf 86' lang='lat' dir='ltr'>ex</span> <span class='ocrx_word' id='word_1_198' title='bbox 831 2661 977 2738; x_wconf 88' lang='lat' dir='ltr'>nigredine</span> <span class='ocrx_word' id='word_1_199' title='bbox 998 2663 1105 2735; x_wconf 88' lang='lat' dir='ltr'>vestis,</span> 
     </span>
     <span class='ocr_line' id='line_1_26' title="bbox 74 2744 1105 2824; baseline -0.002 -18"><span class='ocrx_word' id='word_1_200' title='bbox 74 2744 261 2821; x_wconf 84' lang='lat' dir='ltr'>daemonem,</span> <span class='ocrx_word' id='word_1_201' title='bbox 282 2750 368 2809; x_wconf 88' lang='lat' dir='ltr'>totius</span> <span class='ocrx_word' id='word_1_202' title='bbox 390 2749 545 2824; x_wconf 73' lang='lat' dir='ltr'>superbiae·</span> <span class='ocrx_word' id='word_1_203' title='bbox 561 2756 721 2822; x_wconf 85' lang='lat' dir='ltr'>auctorem,</span> <span class='ocrx_word' id='word_1_204' title='bbox 751 2765 813 2808; x_wconf 88' lang='lat' dir='ltr'>esse</span> <span class='ocrx_word' id='word_1_205' title='bbox 835 2746 1034 2824; x_wconf 82' lang='lat' dir='ltr'>deprehendit3</span> <span class='ocrx_word' id='word_1_206' title='bbox 1062 2753 1105 2822; x_wconf 84' lang='lat' dir='ltr'>et,</span> 
     </span>
     <span class='ocr_line' id='line_1_27' title="bbox 74 2835 1107 2912; baseline 0.001 -21"><span class='ocrx_word' id='word_1_207' title='bbox 74 2848 164 2909; x_wconf 86' lang='lat' dir='ltr'>quem</span> <span class='ocrx_word' id='word_1_208' title='bbox 183 2850 235 2909; x_wconf 87' lang='lat' dir='ltr'>per</span> <span class='ocrx_word' id='word_1_209' title='bbox 256 2836 356 2894; x_wconf 87' lang='lat' dir='ltr'>vitium</span> <span class='ocrx_word' id='word_1_210' title='bbox 376 2837 467 2894; x_wconf 90' lang='lat' dir='ltr'>inanis</span> <span class='ocrx_word' id='word_1_211' title='bbox 487 2835 593 2912; x_wconf 88' lang='lat' dir='ltr'>gloriae</span> <span class='ocrx_word' id='word_1_212' title='bbox 621 2837 806 2910; x_wconf 83' lang='lat' dir='ltr'>invitaverat,</span> <span class='ocrx_word' id='word_1_213' title='bbox 837 2853 889 2911; x_wconf 90' lang='lat' dir='ltr'>per</span> <span class='ocrx_word' id='word_1_214' title='bbox 916 2836 1048 2894; x_wconf 89' lang='lat' dir='ltr'>virtutem</span> <span class='ocrx_word' id='word_1_215' title='bbox 1077 2839 1107 2893; x_wconf 88' lang='lat' dir='ltr'>et</span> 
     </span>
     <span class='ocr_line' id='line_1_28' title="bbox 72 2919 1106 3000; baseline 0.001 -21"><span class='ocrx_word' id='word_1_216' title='bbox 72 2920 190 2996; x_wconf 77' lang='lat' dir='ltr'>signum</span> <span class='ocrx_word' id='word_1_217' title='bbox 211 2923 302 2980; x_wconf 88' lang='lat' dir='ltr'>erucis</span> <span class='ocrx_word' id='word_1_218' title='bbox 318 2919 334 3000; x_wconf 92' lang='lat'>¹)</span> <span class='ocrx_word' id='word_1_219' title='bbox 356 2922 478 2997; x_wconf 76' lang='lat' dir='ltr'>fugavit.</span> <span class='ocrx_word' id='word_1_220' title='bbox 518 2920 562 2981; x_wconf 87' lang='lat' dir='ltr'>Ob</span> <span class='ocrx_word' id='word_1_221' title='bbox 592 2922 755 2981; x_wconf 89' lang='lat' dir='ltr'>huiusmodi</span> <span class='ocrx_word' id='word_1_222' title='bbox 776 2921 902 2998; x_wconf 88' lang='lat' dir='ltr'>pericula</span> <span class='ocrx_word' id='word_1_223' title='bbox 928 2921 1061 2980; x_wconf 90' lang='lat' dir='ltr'>iubentur</span> <span class='ocrx_word' id='word_1_224' title='bbox 1088 2938 1106 2980; x_wconf 91' lang='lat' dir='ltr'>a</span> 
     </span>
     <span class='ocr_line' id='line_1_29' title="bbox 74 3002 1107 3086; baseline 0 -21"><span class='ocrx_word' id='word_1_225' title='bbox 74 3005 202 3066; x_wconf 79' lang='lat' dir='ltr'>Domitio</span> <span class='ocrx_word' id='word_1_226' title='bbox 224 3011 329 3067; x_wconf 87' lang='lat' dir='ltr'>oraturi</span> <span class='ocrx_word' id='word_1_227' title='bbox 348 3011 453 3068; x_wconf 88' lang='lat' dir='ltr'>intrare</span> <span class='ocrx_word' id='word_1_228' title='bbox 476 3009 647 3084; x_wconf 89' lang='lat' dir='ltr'>cubiculum,</span> <span class='ocrx_word' id='word_1_229' title='bbox 669 3015 697 3066; x_wconf 88' lang='lat' dir='ltr'>et</span> <span class='ocrx_word' id='word_1_230' title='bbox 719 3009 849 3068; x_wconf 87' lang='lat' dir='ltr'>claudere</span> <span class='ocrx_word' id='word_1_231' title='bbox 872 3011 977 3067; x_wconf 89' lang='lat' dir='ltr'>ostium</span> <span class='ocrx_word' id='word_1_232' title='bbox 988 3002 1009 3086; x_wconf 86' lang='lat'>²)</span> <span class='ocrx_word' id='word_1_233' title='bbox 1021 3025 1107 3083; x_wconf 91' lang='lat' dir='ltr'>super</span> 
     </span>
     <span class='ocr_line' id='line_1_30' title="bbox 72 3092 1106 3169; baseline 0.001 -17"><span class='ocrx_word' id='word_1_234' title='bbox 72 3108 117 3167; x_wconf 78' lang='lat' dir='ltr'>se,</span> <span class='ocrx_word' id='word_1_235' title='bbox 137 3092 194 3153; x_wconf 90' lang='lat' dir='ltr'>hoc</span> <span class='ocrx_word' id='word_1_236' title='bbox 215 3100 277 3169; x_wconf 82' lang='lat' dir='ltr'>cst,</span> <span class='ocrx_word' id='word_1_237' title='bbox 300 3097 389 3155; x_wconf 85' lang='lat' dir='ltr'>vitare</span> <span class='ocrx_word' id='word_1_238' title='bbox 408 3094 524 3154; x_wconf 90' lang='lat' dir='ltr'>laudem</span> <span class='ocrx_word' id='word_1_239' title='bbox 544 3094 707 3154; x_wconf 88' lang='lat' dir='ltr'>humanam.</span> <span class='ocrx_word' id='word_1_240' title='bbox 749 3094 950 3156; x_wconf 84' lang='lat' dir='ltr'>NOVIOIUS:</span> <span class='ocrx_word' id='word_1_241' title='bbox 981 3094 1011 3154; x_wconf 87' lang='lat' dir='ltr'>Si</span> <span class='ocrx_word' id='word_1_242' title='bbox 1032 3096 1106 3153; x_wconf 89' lang='lat' dir='ltr'>nosti</span> 
     </span>
     <span class='ocr_line' id='line_1_31' title="bbox 72 3179 1107 3258; baseline 0 -17"><span class='ocrx_word' id='word_1_243' title='bbox 72 3179 173 3241; x_wconf 70' lang='lat' dir='ltr'>adhue</span> <span class='ocrx_word' id='word_1_244' title='bbox 193 3180 290 3256; x_wconf 84' lang='lat' dir='ltr'>aliqua</span> <span class='ocrx_word' id='word_1_245' title='bbox 311 3181 347 3240; x_wconf 92' lang='lat' dir='ltr'>de</span> <span class='ocrx_word' id='word_1_246' title='bbox 369 3184 535 3242; x_wconf 88' lang='lat' dir='ltr'>contritione</span> <span class='ocrx_word' id='word_1_247' title='bbox 557 3182 695 3258; x_wconf 87' lang='lat' dir='ltr'>exempla,</span> <span class='ocrx_word' id='word_1_248' title='bbox 716 3182 785 3240; x_wconf 92' lang='lat' dir='ltr'>mihi</span> <span class='ocrx_word' id='word_1_249' title='bbox 806 3188 838 3240; x_wconf 91' lang='lat' dir='ltr'>ut</span> <span class='ocrx_word' id='word_1_250' title='bbox 859 3182 997 3241; x_wconf 89' lang='lat' dir='ltr'>edisseras</span> <span class='ocrx_word' id='word_1_251' title='bbox 1018 3183 1107 3241; x_wconf 89' lang='lat' dir='ltr'>obse·</span> 
     </span>
     <span class='ocr_line' id='line_1_32' title="bbox 73 3262 1107 3345; baseline 0 -18"><span class='ocrx_word' id='word_1_252' title='bbox 73 3283 125 3327; x_wconf 83' lang='lat' dir='ltr'>cro</span> <span class='ocrx_word' id='word_1_253' title='bbox 137 3262 169 3345; x_wconf 86' lang='lat'>⁸).</span> <span class='ocrx_word' id='word_1_254' title='bbox 200 3265 435 3328; x_wconf 84' lang='lat' dir='ltr'><strong>MONAOHUS:</strong></span> <span class='ocrx_word' id='word_1_255' title='bbox 458 3267 601 3345; x_wconf 84' lang='lat' dir='ltr'>Cogitanti</span> <span class='ocrx_word' id='word_1_256' title='bbox 621 3269 691 3327; x_wconf 91' lang='lat' dir='ltr'>mihi</span> <span class='ocrx_word' id='word_1_257' title='bbox 705 3268 740 3327; x_wconf 90' lang='lat' dir='ltr'>dc</span> <span class='ocrx_word' id='word_1_258' title='bbox 755 3271 929 3344; x_wconf 92' lang='lat' dir='ltr'>contritione,</span> <span class='ocrx_word' id='word_1_259' title='bbox 951 3268 1007 3329; x_wconf 83' lang='lat' dir='ltr'>elia</span> <span class='ocrx_word' id='word_1_260' title='bbox 1020 3276 1107 3343; x_wconf 89' lang='lat' dir='ltr'>atque</span> 
     </span>
     <span class='ocr_line' id='line_1_33' title="bbox 72 3353 1107 3431; baseline 0.001 -18"><span class='ocrx_word' id='word_1_261' title='bbox 72 3353 134 3413; x_wconf 79' lang='lat' dir='ltr'>alia</span> <span class='ocrx_word' id='word_1_262' title='bbox 161 3362 313 3413; x_wconf 83' lang='lat' dir='ltr'>occurrunt</span> <span class='ocrx_word' id='word_1_263' title='bbox 341 3355 484 3431; x_wconf 86' lang='lat' dir='ltr'>exempla,</span> <span class='ocrx_word' id='word_1_264' title='bbox 512 3358 541 3413; x_wconf 91' lang='lat' dir='ltr'>in</span> <span class='ocrx_word' id='word_1_265' title='bbox 574 3358 677 3431; x_wconf 91' lang='lat' dir='ltr'>quibus</span> <span class='ocrx_word' id='word_1_266' title='bbox 707 3355 849 3431; x_wconf 84' lang='lat' dir='ltr'>Christus,</span> <span class='ocrx_word' id='word_1_267' title='bbox 880 3359 968 3416; x_wconf 89' lang='lat' dir='ltr'>totius</span> <span class='ocrx_word' id='word_1_268' title='bbox 995 3357 1107 3416; x_wconf 80' lang='lat' dir='ltr'>virmtis</span> 
     </span>
     <span class='ocr_line' id='line_1_34' title="bbox 72 3440 908 3519; baseline 0 -18"><span class='ocrx_word' id='word_1_269' title='bbox 72 3448 186 3514; x_wconf 73' lang='lat' dir='ltr'>auctor,</span> <span class='ocrx_word' id='word_1_270' title='bbox 206 3440 385 3519; x_wconf 85' lang='lat' dir='ltr'>glorificetur,</span> <span class='ocrx_word' id='word_1_271' title='bbox 407 3448 436 3501; x_wconf 91' lang='lat' dir='ltr'>et</span> <span class='ocrx_word' id='word_1_272' title='bbox 455 3444 611 3517; x_wconf 88' lang='lat' dir='ltr'>poenitens·</span> <span class='ocrx_word' id='word_1_273' title='bbox 625 3444 717 3502; x_wconf 89' lang='lat' dir='ltr'>omnis</span> <span class='ocrx_word' id='word_1_274' title='bbox 739 3443 908 3503; x_wconf 89' lang='lat' dir='ltr'>consoletur.</span> 
     </span>
    </p>
   </div>
   <div class='ocr_carea' id='block_1_6' title="bbox 94 3726 1106 3871">
    <p class='ocr_par' dir='ltr' id='par_1_6' title="bbox 94 3726 1106 3871">
     <span class='ocr_line' id='line_1_35' title="bbox 94 3726 1106 3801; baseline 0 -17"><span class='ocrx_word' id='word_1_275' title='bbox 94 3731 126 3801; x_wconf 85' lang='lat'>1)</span> <span class='ocrx_word' id='word_1_276' title='bbox 144 3730 167 3783; x_wconf 81' lang='lat' dir='ltr'>l)</span> <span class='ocrx_word' id='word_1_277' title='bbox 184 3741 318 3785; x_wconf 72' lang='lat' dir='ltr'>sanctae</span> <span class='ocrx_word' id='word_1_278' title='bbox 345 3733 458 3785; x_wconf 75' lang='lat' dir='ltr'>erneis.</span> <span class='ocrx_word' id='word_1_279' title='bbox 478 3726 521 3772; x_wconf 92' lang='lat'>-&#39;</span> <span class='ocrx_word' id='word_1_280' title='bbox 537 3732 569 3800; x_wconf 81' lang='lat'>2)</span> <span class='ocrx_word' id='word_1_281' title='bbox 586 3732 673 3784; x_wconf 85' lang='lat' dir='ltr'>llctth.</span> <span class='ocrx_word' id='word_1_282' title='bbox 692 3736 717 3797; x_wconf 86' lang='lat'>6,</span> <span class='ocrx_word' id='word_1_283' title='bbox 735 3736 759 3786; x_wconf 87' lang='lat'>6.</span> <span class='ocrx_word' id='word_1_284' title='bbox 794 3734 852 3786; x_wconf 85' lang='lat' dir='ltr'>llox</span> <span class='ocrx_word' id='word_1_285' title='bbox 868 3732 889 3785; x_wconf 88' lang='lat' dir='ltr'>B</span> <span class='ocrx_word' id='word_1_286' title='bbox 907 3749 1016 3801; x_wconf 80' lang='lat' dir='ltr'>supra3</span> <span class='ocrx_word' id='word_1_287' title='bbox 1039 3734 1106 3786; x_wconf 82' lang='lat' dir='ltr'>coni.</span> 
     </span>
     <span class='ocr_line' id='line_1_36' title="bbox 146 3799 878 3871; baseline 0.003 -18"><span class='ocrx_word' id='word_1_288' title='bbox 146 3799 190 3867; x_wconf 75' lang='grc' dir='ltr'>Ν,</span> <span class='ocrx_word' id='word_1_289' title='bbox 206 3801 230 3853; x_wconf 85' lang='grc'>7.</span> <span class='ocrx_word' id='word_1_290' title='bbox 250 3831 280 3843; x_wconf 93' lang='grc'><strong>-</strong></span> <span class='ocrx_word' id='word_1_291' title='bbox 299 3802 332 3871; x_wconf 79' lang='grc'>3)</span> <span class='ocrx_word' id='word_1_292' title='bbox 349 3801 370 3856; x_wconf 83' lang='lat' dir='ltr'><strong><em>G</em></strong></span> <span class='ocrx_word' id='word_1_293' title='bbox 386 3802 462 3855; x_wconf 87' lang='lat' dir='ltr'>mihi</span> <span class='ocrx_word' id='word_1_294' title='bbox 486 3801 625 3856; x_wconf 85' lang='lat' dir='ltr'>obsecro</span> <span class='ocrx_word' id='word_1_295' title='bbox 649 3811 683 3855; x_wconf 88' lang='lat' dir='ltr'>ut</span> <span class='ocrx_word' id='word_1_296' title='bbox 706 3802 878 3858; x_wconf 82' lang='lat' dir='ltr'>edisseras.</span> 
     </span>
    </p>
   </div>
   <div class='ocr_carea' id='block_1_7' title="bbox 0 0 1236 4162">
    <p class='ocr_par' dir='ltr' id='par_1_7' title="bbox 0 0 1236 4162">
     <span class='ocr_line' id='line_1_37' title="bbox 0 0 1236 4162; baseline 0 0"><span class='ocrx_word' id='word_1_297' title='bbox 0 0 1236 4162; x_wconf 95' lang='lat' dir='ltr'> </span> 
     </span>
    </p>
   </div>
  </div>
 </body>
</html>
