2438 4170
332 132 335 139 ·
407 110 461 172 DE
482 109 752 173 DAEMONIBUS.
1033 114 1093 172 297

80 224 165 293 mota
204 240 296 295 natus.
344 235 433 309 ,Bene
467 235 547 293 illum
578 236 658 293 novit
689 249 777 292 senex
809 233 967 293 monachus
998 241 1095 296 noster

10 376 15 383 .
82 309 216 380 butades
227 318 251 401 ¹),
280 323 328 397 qui
356 323 425 380 mihi
452 325 507 380 ista
533 321 641 394 retulit,
671 326 700 378 et
726 322 775 393 qui
796 319 896 379 codem
918 328 1045 396 tempore
1065 324 1094 380 in

85 398 172 465 adem
197 410 311 468 civitate
332 408 392 487 fuit.
433 408 543 467 Videns
565 407 724 482 Episcopus
746 406 815 464 nihil
836 425 866 465 se
888 409 984 466 verbis
1005 408 1095 483 profi-

10 500 14 534 ’-
85 498 154 568 tere,
178 502 204 554 et
230 512 281 570 per
309 497 451 554 ministros
480 494 586 553 diaboli
611 493 750 569 populum
776 494 830 551 sibi
856 496 1038 553 commissum
1066 498 1095 554 in

49 608 52 615 ·
83 566 132 633 fide
147 581 274 656 subverti,
296 582 428 641 clericum
440 581 583 656 quendam
604 582 658 638 sibi
678 587 785 652 notum,
808 586 836 639 et
857 583 885 638 in
907 576 1118 657 nigromantia?

82 663 264 729 reduddum
294 668 331 728 ad
358 685 389 727 se
411 685 517 727 vocans
539 671 593 726 ait:
621 666 668 725 Sic
691 674 719 724 et
740 669 780 725 sic
800 684 852 742 per
873 668 944 726 tales
965 667 1111 727 homines·

80 750 165 812 *ctum
190 762 232 814 est
258 757 287 812 in
310 757 422 814 civitate
444 773 516 814 mea.
559 755 692 829 Rogo-te
714 760 746 811 ut
765 755 918 829 investiges
940 754 1094 814 adiabolo

78 841 125 900 1³01
137 846 218 901 ntem
239 848 327 915 tuam,
349 845 397 916 qui
418 843 481 915 sint,
503 840 578 901 unde
600 843 723 913 veniant,
744 839 791 897 vel
812 857 869 914 qua
889 844 992 900 virtute
1015 848 1095 901 tanta

75 928 107 977 ὅθ
129 924 209 1007 tumr)
231 928 372 1004 stupenda
387 934 538 1002 operentur
559 926 702 985 miracula.
745 925 923 1001 Impossibile
945 936 989 994 est
1011 931 1094 1002 enim,

74 1007 105 1061 “t
131 1015 205 1090 signa
230 1015 335 1074 faciant
362 1018 464 1073 virtute
487 1014 595 1088 divina,
624 1030 744 1086 quorum
773 1011 901 1072 doctrina
924 1015 989 1073 Deo
1011 1018 1094 1073 nimis

71 1099 116 1152 est
141 1104 285 1161 contraria.
327 1103 448 1160 Dicente
478 1100 593 1159 clerico:
619 1100 758 1173 Domine,
787 1100 835 1157 diu
864 1108 906 1159 est
936 1102 1012 1176 qnod
1041 1104 1095 1160 arti

69 1168 136 1245 hilic
152 1186 353 1268 renunciavi³);
375 1187 520 1263 respondit
539 1187 713 1261 Episcopus:
742 1187 821 1244 Bene
845 1190 934 1245 cernis
955 1194 1094 1262 quantum

67 1274 149 1331 atter.
189 1275 246 1335 Vel
274 1277 415 1349 oportebit
441 1291 486 1332 me
514 1273 658 1332 doctrinae
677 1270 815 1352 illorum)
846 1278 1018 1349 consentire,
1048 1275 1095 1334 vel

67 1362 88 1407 ἃ
116 1360 216 1436 populo
245 1360 372 1436 lapidari.
414 1361 534 1436 Iniungo
561 1377 628 1435 ergo
650 1360 701 1418 tibi
712 1356 750 1416 'in
771 1363 966 1420 remissionem
987 1379 1094 1436 pecca·

66 1439 186 1527 tbrow)
208 1454 336 1522 tuorum,
364 1453 397 1505 ut
417 1447 485 1505 mihi
506 1450 535 1504 in
553 1447 609 1504 hac
628 1453 708 1521 parte
730 1449 905 1520 acquiescas.
950 1447 1093 1508 Obediens

71 1526 183 1593 uertens
202 1535 361 1610 Episcopo,
382 1534 527 1593 diabolum
548 1536 677 1606 vocavit,
707 1549 824 1591 causam
845 1551 914 1592 suae
935 1537 1095 1594 vocationis

70 1621 218 1680 oscitanti
238 1621 396 1697 respondit:
408 1621 549 1679 'Poenitet
570 1637 616 1677 me
637 1623 866 1678 recessisseate.
909 1621 947 1678 Et
968 1623 1035 1696 quia
1057 1621 1093 1680 de

72 1712 159 1767 ccum
188 1709 278 1783 magis
307 1709 495 1783 obsequiosus
523 1708 574 1764 tibi
603 1723 666 1765 esse
696 1705 840 1780 desidero,
864 1723 949 1781 quam
977 1708 1092 1782 fuerim,

70 1805 132 1871 rogo
145 1800 180 1854 ut
199 1792 277 1855 dicas
290 1795 367 1868 mihi,
389 1797 437 1868 qui
451 1797 506 1853 sint
519 1792 648 1851 homines
665 1794 720 1866 isti,
742 1811 815 1868 quae
838 1793 965 1852 doctrina
987 1785 1093 1870 eorum,

70 1880 111 1941 vel
130 1897 188 1956 qua
202 1883 304 1939 virtute
316 1887 396 1940 tanta
410 1885 561 1956 operentur
577 1879 724 1938 mirabilia.
768 1879 926 1955 Respondit
947 1881 1092 1940 diabolus:

69 1963 122 2027 Mei
149 1973 231 2042 sunt,
253 1976 281 2028 et
309 1986 327 2026 a
348 1985 394 2026 me
416 1969 501 2041 missi,
524 1973 551 2026 et
573 1984 646 2040 quac
667 1968 696 2023 in
718 1983 766 2025 ore
787 1967 898 2025 illorum
919 1971 1016 2044 posui,
1044 1968 1094 2027 iila

65 2053 237 2130 praedicant.
291 2053 450 2129 Respondit
485 2053 614 2112 clericus:
650 2053 724 2128 Quid
757 2060 800 2112 cst
830 2054 906 2129 quod
920 2054 1008 2114 iaedi
1035 2044 1093 2115 rion
1184 2072 1186 2077 ’

64 2147 190 2217 possunt,
211 2157 264 2199 nec
284 2143 313 2197 in
334 2144 415 2215 aquis
436 2143 533 2216 mergi,
562 2157 655 2215 neque
677 2143 742 2216 igne
765 2141 913 2200 comburi?
935 2143 1094 2217 Respondit

61 2228 163 2287 iterum
184 2227 319 2287 daemon:
343 2227 526 2303 Cyrographa
549 2245 622 2301 mea,
642 2229 795 2302 inquibus
817 2229 942 2287 hominia
964 2229 1034 2287 mihi
1054 2231 1091 2288 ab

62 2315 102 2373 cis
129 2314 215 2388 facta,
244 2319 310 2372 sunt
330 2317 501 2389 conscripta,
530 2315 584 2373 sub
607 2311 744 2394 ascellis⁶)
767 2317 825 2372 suis
846 2318 918 2377 inter
938 2316 1042 2390 pellem
1065 2325 1093 2375 et

62 2417 178 2461 caruem
199 2407 319 2459 consuta
341 2407 517 2474 conservant,
540 2418 660 2475 quorum
682 2401 819 2460 beneficio
841 2402 909 2461 talia
931 2410 1092 2477 operantur,

60 2504 115 2547 nec
135 2487 282 2562 abaliquo
303 2487 379 2546 laedi
399 2493 540 2562 poterunt.
583 2488 665 2546 Tunc
688 2488 820 2546 clericus:
850 2488 925 2563 Quid
946 2493 969 2546 si
991 2490 1028 2547 ab
1052 2493 1093 2548 eis

59 2573 247 2635 tollerentur?
274 2574 432 2648 Respondit
459 2574 588 2632 diabolus
598 2572 633 2654 1);
656 2574 738 2632 Tunc
765 2573 868 2632 infirmi
897 2583 992 2635 essent
1020 2578 1093 2635 sicut

61 2663 148 2721 ceteri
168 2660 306 2720 homines.
348 2659 477 2719 Audiens
498 2663 553 2719 ista
575 2659 707 2735 clericus,
732 2661 938 2736 regradabatur
960 2661 1092 2721 daemoni

61 2748 175 2809 dicensz
203 2746 292 2806 Modo
314 2747 429 2822 recede,
458 2753 486 2805 et
514 2764 579 2805 cum
607 2754 726 2807 vocatus
750 2747 836 2806 tueris
859 2765 877 2806 a
898 2765 958 2823 me,
989 2751 1093 2808 iterum

60 2837 168 2895 venias.
210 2834 353 2893 Reversus
381 2833 419 2892 ad
439 2834 628 2909 Episcopum,
656 2834 728 2893 haec
750 2836 848 2909 siper
869 2834 997 2894 ordinem
1018 2839 1092 2895 reci-

60 2922 141 2983 tevit
185 2919 241 2996 Qui
268 2938 374 2996 magno
402 2921 526 2996 repletus
555 2920 675 2997 gaudio,
703 2923 789 2980 totius
813 2923 933 2980 civitatis
953 2924 1093 2998 populum

58 3011 89 3069 in
115 3007 213 3067 locum
241 3007 279 3067 ad
307 3008 363 3067 hoo
391 3007 524 3066 idoneum
554 3011 737 3083 convocavit,
767 3007 877 3067 dicens:
904 3009 968 3084 Ego
994 3017 1093 3085 pastor

59 3099 156 3157 vester
176 3111 255 3169 sum,
276 3111 329 3153 vos
353 3110 430 3153 oves.
473 3093 504 3153 Si
525 3093 653 3154 homines
674 3097 729 3170 isti,
752 3102 784 3153 ut
806 3095 912 3168 dicitis,
935 3095 1093 3156 doctrinam

59 3172 143 3243 suani
164 3182 251 3257 signis
281 3181 460 3255 confirmant,
482 3181 548 3239 volo
569 3180 633 3241 illos
654 3183 804 3240 vobiscum
825 3184 943 3257 imitari3
972 3185 1015 3241 sin
1037 3202 1092 3242 au-

59 3275 127 3343 tem,
148 3265 265 3344 dignum
287 3274 330 3327 est
350 3275 382 3326 ut
403 3267 457 3325 illis
471 3269 585 3343 punitis,
605 3285 658 3326 vos
680 3268 717 3326 ad
738 3267 825 3327 fidsm
846 3276 959 3344 patrum
980 3277 1092 3335 cestro-

59 3373 123 3415 rum
157 3371 270 3414 mecum
307 3356 484 3431 poenitentes
518 3356 707 3413 revertamini.
763 3356 923 3431 Respondit
953 3357 1091 3432 populus:

79 3488 110 3556 1)
128 3485 292 3540 Conradus
316 3487 365 3538 add
388 3487 443 3549 1303
464 3486 529 3538 cont
548 3486 572 3551 1,
595 3488 636 3539 34.
655 3488 685 3550 V,
702 3488 727 3538 4.
747 3518 778 3528 -
797 3489 829 3555 2)
848 3498 907 3539 tam
925 3488 974 3539 add
992 3487 1041 3540 BR.
1058 3519 1089 3527 -

124 3558 146 3611 ’3
180 3556 220 3609 ΒΟ
237 3556 487 3619 abrenunciavi3
505 3556 650 3621 conf.1‚34.
664 3573 689 3625 p.
702 3557 786 3608 41.-
813 3559 844 3625 4)
863 3557 904 3610 BG
921 3574 1039 3609 corum.
1059 3587 1089 3596 -

131 3629 146 3680 5
175 3625 239 3678 AD?
256 3629 393 3678 omnium
412 3635 625 3694 peccatorum.
646 3657 675 3666 -—
696 3627 727 3693 6)
745 3627 765 3678 Β
783 3627 912 3693 ocellis,
929 3628 949 3681 G
966 3627 1090 3679 asellis

132 3724 162 3737 ·-
182 3696 214 3763 7)
232 3694 385 3749 diabolus
402 3712 443 3748 om
461 3695 540 3760 uum
557 3696 576 3748 P
593 3696 669 3749 habet
687 3695 828 3748 daemon.

762 3767 844 3846 ib*
