2438 4170
97 263 159 322 294
409 259 636 322 DlSTINOTIO
658 259 811 338 QUINTA

96 401 163 444 reus
174 379 206 462 ¹),
236 380 373 458 capabilis
398 390 442 442 est
470 401 540 442 snae
567 382 704 444 facturae.
746 356 876 443 Mentem
907 381 1022 442 hominis
1039 380 1102 446 turc

97 471 285 530 substantiam
305 468 374 527 nihil
394 468 511 544 implere
532 477 642 546 potest,
666 473 720 530 nisi
742 472 864 529 creatrix
885 469 1011 528 Trinitas.
1045 467 1099 529 NO-

97 554 244 617 VICIUS:
274 554 349 631 Quid
373 563 417 615 est
445 573 512 633 ergo
520 554 541 638 ²)
565 557 642 632 quod
664 556 796 616 diabolus
817 556 918 641 dicitur
939 572 986 615 cor
1003 554 1097 614 mmm

97 645 210 717 intrare,
222 649 330 701 tentare
352 644 399 702 vel
411 643 582 702 immittere?
603 642 836 702 MONACHUS:
858 643 925 701 Non
945 642 1018 701 aliter
1033 642 1095 701 intret

99 728 146 789 vel
158 728 257 805 implet
271 728 318 787 vel
328 730 461 804 immittit,
477 733 531 788 nisi
545 730 622 805 quod
636 733 762 810 animam
776 729 943 805 decipiendo
955 731 984 787 in
994 727 1093 786 adetum

99 815 223 875 malitiae
236 815 329 874 trahit.
371 816 409 873 Et
418 817 492 875 haec
506 823 550 875 est
564 816 721 875 differentia
740 819 813 875 inter
832 816 986 875 adventum
1002 813 1092 888 Spiritus
1151 834 1152 897 j

99 905 192 962 sancti
212 909 241 963 ot
261 904 375 977 spiritus
397 904 521 979 maligni,
546 903 623 979 quod
644 903 691 962 ille
712 905 825 979 proprie
848 903 950 962 dieitur
968 900 1040 974 illabi,
1055 901 1092 958 iste
1151 922 1152 969 i

98 991 219 1047 immitti.
261 989 381 1063 Spiritus
409 990 524 1048 sanctus
546 993 684 1048 exsistens
712 993 788 1048 intus
805 992 834 1049 in
856 992 951 1049 anima
970 986 1091 1063 pecatis
1151 996 1152 1013 ³

99 1093 151 1151 per
165 1079 315 1135 essentiam
331 1082 359 1135 et
370 1078 526 1151 potentiam
545 1082 573 1134 et
593 1079 769 1151 sapientiam,
791 1079 875 1151 qnasi
896 1076 931 1134 de
951 1091 1030 1151 prope
1044 1064 1091 1147 illi')
1151 1074 1152 1083 ’

96 1162 222 1221 illabitur
249 1180 300 1238 per
327 1164 457 1238 gratiam.
499 1163 619 1237 Spiritus
645 1180 714 1222 vcro
742 1158 885 1238 malignus
908 1179 972 1221 cum
991 1165 1053 1220 ertra
1066 1156 1092 1214 slt

99 1257 131 1308 ut
159 1249 266 1308 dietum
295 1256 339 1307 est
365 1267 429 1323 per,
444 1250 647 1324 substantiam,
679 1248 756 1308 mala
784 1249 961 1326 suggerendo
988 1253 1012 1306 et
1038 1243 1091 1302 ritis

100 1343 225 1395 mentem
253 1335 416 1409 afficiendo,
446 1339 528 1410 quasi
554 1338 703 1411 sagittam,
731 1354 813 1395 suam
838 1338 964 1394 immittit
982 1332 1092 1413 malliam·

98 1421 183 1481 Unde
208 1422 313 1481 habes:
340 1423 551 1481 Immissiooem
574 1441 631 1497 per
659 1425 779 1498 ampelos
807 1417 947 1500 molos‘).
985 1420 1048 1479 Hinc
1062 1416 1092 1474 est

100 1509 177 1584 quod
190 1509 275 1568 homo
293 1516 359 1583 post
380 1508 534 1567 adventum
548 1509 668 1583 Spiritus
682 1512 773 1568 sancti
784 1508 850 1585 plus
868 1515 897 1568 et
917 1508 1010 1567 fortius
1026 1503 1093 1581 potest

100 1594 214 1671 diligere
228 1596 345 1670 bonum,
367 1601 454 1671 quam
467 1602 533 1654 ante
549 1595 645 1654 dilexit
655 1596 770 1669 malum,
792 1597 875 1670 quasi
897 1595 932 1654 de
944 1599 1041 1654 remoto
1055 1591 1093 1646 in·

98 1685 225 1741 missum.
269 1682 341 1740 Cum
359 1682 489 1741 diabolus
507 1682 608 1740 dicitur
629 1699 691 1741 esse
712 1685 741 1741 in
753 1682 877 1757 homine,
899 1679 1095 1753 noninaligcn·

100 1769 168 1827 dum
197 1775 240 1827 est
269 1768 304 1827 de
326 1772 434 1843 anima,
464 1768 516 1828 sed
545 1769 581 1827 de
604 1785 735 1843 corpore,
764 1771 832 1844 qnia
851 1771 881 1826 in
904 1763 1096 1828 concavitatibus

99 1858 159 1914 cius
186 1862 215 1914 et
241 1858 271 1913 in
299 1857 455 1914 visceribus
485 1855 534 1913 ubi
562 1862 688 1914 stercora
714 1858 906 1931 eontinentur,
935 1862 963 1914 et
981 1856 1038 1929 ipse
1054 1862 1098 1909 cett
1150 1904 1152 1911 .

97 1948 201 2018 potest.
243 1941 446 2001 NOVIOIUS:
468 1942 543 2001 Satis
561 1941 709 2016 expeditus
730 1960 794 2001 sum
813 1942 848 2001 de
871 1944 1033 2018 quaestione
1049 1936 1099 2009 laq

97 2030 148 2087 sed
163 2046 278 2103 quaere,
299 2031 324 2087 si
337 2029 432 2087 adhuc
450 2028 563 2104 aliquae
584 2031 649 2088 viae
671 2031 726 2086 sint
747 2029 828 2104 aliae,
850 2030 954 2104 quibus
975 2029 1102 2087 daemones
1148 2048 1152 2055 ·

97 2115 258 2174 hominibus
290 2114 401 2174 soleant
421 2114 547 2174 nocere?
575 2114 808 2174 MONACHUS:
837 2115 956 2174 Habent
976 2115 1105 2173 daemones

96 2202 172 2260 mille
186 2202 307 2260 nocendi
320 2209 404 2275 artes,
427 2204 584 2277 exquibus
606 2209 728 2276 quatuor
748 2203 799 2260 tibi
826 2202 960 2277 pandam.
1002 2201 1107 2276 Quibus·

98 2288 164 2347 dam
186 2295 290 2347 nocent
310 2289 381 2347 falsa
402 2289 600 2364 promittendo,
622 2289 683 2347 aliis
704 2296 807 2348 nocent
828 2305 880 2363 per
901 2306 967 2347 suos
988 2290 1111 2346 ministros

97 2377 125 2434 in
146 2374 203 2433 fide
225 2376 403 2449 subruendo,
424 2375 565 2433 nonnullis
587 2383 692 2434 nocent
712 2378 741 2432 in
764 2392 881 2450 corpore
904 2392 954 2434 eos
974 2372 1113 2443 laedendo,

95 2462 157 2521 aliis
170 2462 256 2536 'quod
270 2463 456 2537 periculosius
479 2469 529 2536 ost,
550 2464 722 2537 inpeccatis
744 2461 910 2521 occidenda.
952 2461 1014 2520 Ista
1035 2460 1116 2520 omnia

94 2551 167 2608 iusto
182 2549 239 2608 Dei
258 2550 453 2623 fiuntiudieio,
476 2557 504 2608 et
526 2548 561 2608 de
586 2549 703 2625 singulis
724 2551 776 2607 tibi
796 2549 970 2624 subiungam
992 2546 1117 2624 exempla

431 2738 665 2799 CAPITULUM
685 2738 770 2799 XVI.

156 2861 203 2918 Dc
225 2877 363 2918 converso
387 2859 554 2935 Comparari,
584 2866 635 2936 qui
651 2864 846 2936 promissione
867 2861 1065 2935 Episcopatus

280 2947 536 3006 Helberstodeasts
559 2949 700 3023 deceptus,
722 2965 877 3022 suspensus
900 2954 949 3005 est.

156 3065 191 3124 In
220 3066 342 3142 Campo,
371 3068 455 3126 domo
479 3067 584 3125 ordinis
616 3068 825 3142 Cistereiensis,
854 3085 928 3142 quae
958 3069 1015 3126 sita
1037 3069 1122 3127 estin

89 3151 266 3228 Episcopatu
279 3154 448 3228 Coloniensi,
469 3157 541 3212 sieut
558 3155 686 3213 audivia
705 3154 830 3229 quodam
852 3153 1002 3214 sacerdote
1025 3154 1122 3214 ordinis

90 3242 186 3313 nostri,
207 3241 323 3299 homine
335 3241 469 3315 veridico,
491 3258 576 3315 quem
590 3259 635 3299 ros
649 3258 707 3300 non
728 3242 818 3314 latuit,
841 3258 996 3300 conversus
1013 3241 1122 3317 quidam

91 3326 151 3400 tuit,
174 3330 221 3400 qui
235 3345 252 3385 a
265 3328 419 3401 monachis,
443 3346 507 3386 eum
526 3330 629 3403 quibus
646 3328 825 3403 loquebatur,
846 3330 876 3385 in
897 3334 1011 3386 tantum
1032 3327 1122 3386 literas

91 3412 241 3487 didicerat,
269 3417 310 3472 ita
338 3421 370 3471 ut
395 3421 504 3472 tentum
526 3415 620 3489 legere
643 3418 736 3473 sciret.
779 3414 951 3472 Huiusmodi
974 3417 1122 3474 occasione

88 3500 199 3560 illectus
224 3507 252 3558 et
267 3501 419 3575 deceptus,
440 3501 551 3560 libellos
574 3503 626 3559 sibi
649 3500 686 3559 ad
708 3502 763 3560 hoc
784 3501 904 3560 idoneos
927 3502 1040 3560 occulte
1059 3502 1122 3560 feeit

106 3616 136 3685 1]
155 3616 175 3669 C
193 3618 224 3666 in
243 3632 379 3681 corpore
398 3618 481 3679 eins3
508 3633 565 3667 mor
584 3617 603 3667 B
622 3617 849 3683 corporabilis.
870 3616 989 3668 Bernard.
1009 3618 1034 3668 in
1053 3616 1120 3671 Cant.

156 3687 235 3738 Serm.
247 3685 275 3748 V,
296 3687 336 3737 10.
350 3701 374 3752 p,
385 3686 432 3736 24:
453 3685 550 3751 „nullus
569 3687 725 3754 angelorum,
742 3687 808 3738 nulla
827 3687 964 3737 animarum
981 3686 1032 3738 lroo
1049 3684 1120 3737 modo

153 3757 214 3808 mihi
232 3756 350 3822 capabilis
370 3763 417 3819 est,
435 3756 526 3805 nullius
544 3772 592 3824 ego
611 3760 714 3823 capax.“
735 3787 766 3796 -
785 3757 817 3826 2)
835 3756 899 3809 Ab?
916 3772 996 3826 ergo
1015 3763 1071 3808 est.
1090 3784 1118 3794 -

149 3826 254 3898 321111·
272 3825 323 3881 add
341 3824 391 3880 Bc.
412 3857 442 3866 -
464 3826 496 3896 4]
512 3825 581 3878 esai.
595 3827 644 3891 ii,
658 3827 702 3878 ab.
