2438 4170
418 239 477 300 DE
495 239 792 301 stutenctrnm
1057 240 1123 300 3⁵9

82 375 199 421 currere
210 358 339 435 vineoe,
357 362 409 418 rix
426 362 529 420 bom
540 361 666 438 Cap'ni
677 372 846 438 uspiam
856 362 961 436 pud
987 360 1124 419 hm

81 464 157 507 nens
183 464 216 506 se
241 456 311 506 aute
335 447 428 522 peda
452 448 581 521 Deum
600 449 689 508 oliti
714 453 760 508 sui
786 451 889 524 putri
913 447 1125 506 Μαι

85 532 217 594 savium
242 537 402 610 resignatis.
440 535 565 594 Diome
584 536 705 595 Denso
732 550 763 595 et
781 537 931 594 lmibus:
956 535 1042 593 Bone
1066 534 1125 592 «lo-

85 623 164 680 mine
182 620 385 681 Weriubolde.
411 622 482 696 quiid
501 623 637 681 habers?
664 641 718 682 tur
735 627 793 681 'm
818 621 934 680 fit'uis?
962 621 1124 696 meur:
1158 628 1166 636 '

88 706 163 783 Quin
181 724 240 767 non
251 725 371 784 pnsum
386 709 484 767 ridese
500 709 638 767 damnum
653 709 793 768 ectloe'ne
862 708 965 784 Quale
984 712 1124 783 mquim

89 793 244 854 damnum?
285 795 409 854 Etille:
435 795 1124 872 Rooepmesnaoeviuingnmmqut

74 886 178 941 totam
203 898 349 940 annonam
375 883 533 961 uestraru²;
560 883 750 942 cleronbmrt.
797 883 979 958 Rogantibm
1007 882 1065 940 ilis
1093 892 1124 941 et

93 967 261 1027 dicentibus:
292 968 371 1027 Catti
395 987 541 1027 annonam
564 987 624 1028 non
644 970 814 1029 comeduut.
834 969 886 1027 sed
906 969 1060 1027 mundant.
1089 978 1124 1025 ut

93 1053 185 1114 clares
209 1058 361 1130 reciperet,
393 1059 442 1113 rix
469 1057 661 1114 obtinuerunt.
709 1057 912 1130 Experimento
937 1059 1016 1114 mun
1046 1055 1124 1113 clidi-

94 1147 199 1215 ceraut‚
231 1141 309 1216 quod
343 1143 519 1200 benedixerit
529 1143 550 1221 Ἰ
579 1147 621 1201 eis
640 1143 784 1200 Dommus
810 1156 927 1217 propter
955 1142 1124 1216 n‘mplieita—

95 1231 160 1287 icm'
178 1227 261 1286 illius
304 1229 378 1288 Yice
402 1229 528 1304 quadam
549 1248 616 1289 eum
643 1230 774 1288 divesne
797 1238 930 1287 monetae
946 1247 984 1287 ex
1004 1229 1124 1286 (liversis

95 1315 221 1374 censibus
239 1319 390 1389 pecuniam
412 1317 547 1389 baberet,
573 1316 692 1391 qnidam
717 1335 755 1375 ex
780 1319 871 1375 serris
893 1313 986 1394 eius⁸)
1012 1326 1125 1390 partem

94 1399 192 1462 furtive
211 1402 276 1460 tulit
296 1410 326 1460 et
345 1403 426 1478 lngit
468 1403 533 1477 Quo
555 1406 685 1479 cognito.
713 1421 780 1462 cmu
806 1406 932 1478 muner
951 1403 1125 1460 lamentare-

79 1492 150 1564 tur,
177 1489 388 1548 consolantibus
414 1507 446 1548 sc
473 1491 633 1564 respondit:
663 1490 728 1566 Ego
758 1507 817 1548 uon
848 1489 940 1548 ‹lelleo
972 1489 1125 1561 (lemnum,

93 1575 141 1635 ted
161 1576 326 1650 peticulnnn
368 1576 486 1634 Denarii
514 1577 602 1634 dativi
628 1594 688 1635 non
707 1586 791 1649 sunt,
817 1579 904 1634 miser
924 1579 1066 1649 capietur,
1094 1582 1126 1633 et

91 1663 115 1721 ti
133 1679 186 1737 pro
209 1666 249 1721 eis
269 1664 353 1721 luerit
373 1663 533 1737 damnatus
553 1681 608 1739 ego
629 1681 696 1722 reus
713 1665 811 1721 mortis
833 1680 882 1721 ero
894 1659 916 1740 ι)
936 1662 1022 1719 illius.
1052 1659 1125 1720 NO-

91 1744 236 1809 VICIUS:
258 1750 344 1808 Tales
364 1754 418 1807 viri
438 1752 613 1824 temporibus
632 1753 694 1808 istis
714 1768 773 1809 non
794 1748 965 1824 eligerentur
984 1751 1015 1805 iu
1036 1747 1126 1806 celle·

88 1838 187 1896 tanos
227 1835 459 1896 MONACHI'S:
482 1837 564 1895 Sicut
584 1846 696 1895 munta
716 1843 783 1895 sunt
800 1844 938 1910 tempora,
957 1838 999 1893 ita
1020 1841 1049 1893 et
1069 1834 1125 1893 bo-

86 1926 189 1982 minis.
229 1923 306 1981 Nam
332 1942 424 1999 usque
445 1924 530 1981 hodie
551 1924 713 1998 frequenter
733 1926 884 1998 contingit,
910 1931 944 1980 ut
963 1921 1018 1980 snb
1039 1939 1127 1996 prae·

85 2004 155 2070 lnb’s
168 2016 198 2068 et
218 2010 387 2069 officialibus
399 2011 575 2086 simplicibus
597 2011 699 2069 domus
720 2011 869 2086 religiosae
889 2012 918 2066 iu
941 2010 1127 2071 exterioribus

84 2096 256 2263 ἓὲιίιίίὶοίιιιιῐῇ
283 2106 313 2156 et
340 2098 395 2155 snb
423 2100 526 2155 astutis
554 2105 642 2172 atquc
669 2100 698 2154 iu
720 2097 820 2157 schola
839 2096 938 2154 mundi
966 2098 1127 2155 exercitatis

149 2186 224 2244 ciant
235 2193 246 2226 ⁶
258 2227 266 2242 .

428 2305 661 2366 CAPITULUM
686 2306 770 2367 VIII.

194 2427 242 2484 Dc
262 2427 443 2500 impletate
466 2427 625 2488 Clericiiani
648 2431 791 2488 cellerarii
811 2431 844 2487 in
864 2427 1024 2486 Brnwilre.

155 2545 244 2621 Apud
276 2552 479 2606 monasterium
511 2553 602 2609 sancti
630 2551 771 2626 Nycholei
798 2553 828 2607 in
858 2547 927 2607 villa
954 2540 1126 2622 Bruwilrel)

87 2634 249 2692 monachus
270 2635 322 2691 fuit
337 2635 569 2709 simplicissimus,
590 2640 704 2694 nomine
718 2637 903 2694 Christianus.
934 2633 1011 2690 Huic
1024 2631 1127 2689 Abbos

90 2719 230 2780 cellerarii
251 2720 375 2778 officium
396 2723 522 2778 iniunxit
566 2723 647 2780 Deus
667 2740 745 2796 vero,
767 2724 815 2797 qui
836 2727 947 2780 amator
968 2724 1012 2777 est
1031 2724 1128 2776 rectae

88 2807 295 2882 simplicitatis,
315 2810 411 2865 omnia
432 2825 519 2882 opera
539 2810 600 2867 eius
622 2809 774 2884 dirigebat,
794 2811 835 2866 ita
854 2814 888 2865 ut
909 2814 1037 2880 tempore
1058 2821 1127 2879 pro-

91 2895 209 2952 visionis
239 2895 298 2951 cius
327 2893 391 2966 plus
419 2895 577 2953 abundaret
612 2893 745 2975 domus⁰)
774 2898 803 2953 in
830 2891 916 2953 rebus
946 2893 1127 2965 necessariis,

92 2996 182 3056 quam
204 2986 288 3037 antea
299 2975 320 3057 ⁹)
342 2980 388 3037 vel
408 2988 482 3055 post.
524 2981 645 3056 Saepius
660 2985 686 3041 ei
707 2985 782 3041 servi
803 2988 832 3040 ct
848 2982 1014 3040 mercenarii
1034 2994 1127 3037 anno-

91 3084 169 3140 nam,
190 3067 289 3124 vinum
322 3072 350 3124 et
377 3067 434 3126 alia
455 3086 541 3143 quam
562 3070 646 3144 pluro
660 3067 689 3149 ¹⁰)
717 3070 800 3128 furati
821 3074 901 3144 suut,
933 3068 1069 3126 uxoribus
1099 3071 1128 3124 et

92 3153 189 3214 liberis
216 3156 275 3212 suis
302 3170 337 3211 ea
359 3153 541 3214 deserentes..
566 3156 691 3215 Etcum
713 3159 809 3229 sciret,
838 3164 867 3214 et
888 3155 1058 3230 quandoque
1080 3155 1127 3210 ui-

94 3241 186 3314 deret,
217 3257 252 3299 ex
273 3241 363 3298 multa
385 3241 476 3300 cordis
497 3242 602 3316 pietate
629 3243 726 3302 videre
749 3261 780 3302 se
802 3242 1001 3315 dissimulavit,
1031 3241 1127 3299 dicens

92 3330 167 3386 intra
187 3345 233 3387 se:
261 3327 313 3386 Isti
334 3346 475 3403 pauperes
503 3337 569 3388 sunt
591 3337 620 3389 et
639 3331 781 3407 indigent,
809 3329 941 3388 fratribus
967 3328 1128 3387 necessario

114 3463 144 3529 1)
162 3462 182 3514 Β
200 3463 362 3514 ecclcsiae
385 3479 479 3515 meac.
498 3493 529 3502 —-
549 3463 581 3531 2)
599 3464 619 3516 Β
637 3472 791 3516 nostram.
810 3493 841 3501 —
861 3463 892 3531 3)
910 3462 931 3514 l)
949 3460 1127 3513 benedixe-

163 3542 227 3592 rat,
244 3534 285 3584 ΑΡ
303 3532 483 3585 benedixit.
504 3563 534 3572 —
553 3535 585 3601 l)
604 3534 623 3586 0
641 3550 678 3584 ex
696 3535 760 3595 eis,
778 3541 803 3583 ct
821 3532 895 3600 paulo
913 3541 970 3598 post
988 3532 1126 3598 aufugit.

165 3632 197 3640 -
216 3603 247 3670 5)
272 3604 312 3655 ΒΟ
336 3619 391 3654 ero
418 3605 537 3656 mortis.
563 3633 595 3641 —
623 3605 654 3670 6)
677 3603 741 3656 ADP
759 3618 818 3653 non
836 3603 1024 3669 proliciunt.
1044 3630 1074 3638 —
1095 3600 1126 3664 7)

163 3671 327 3724 Brauweiler.
354 3674 411 3725 lllox
435 3674 475 3725 BG
502 3673 677 3727 monachus
705 3671 840 3741 quidam.
860 3703 890 3712 —
919 3672 950 3739 8)
977 3670 997 3722 (1
1023 3668 1128 3720 domus

164 3744 249 3803 eius;
267 3759 325 3793 mox
342 3743 426 3796 ABIlP
444 3746 476 3794 in
496 3743 645 3794 omnibus
669 3744 883 3794 necessariis.
903 3770 933 3780 -
953 3741 985 3807 9)
1003 3739 1023 3791 Β
1042 3747 1127 3790 anto.

169 3841 198 3851 -
220 3812 268 3879 10)
287 3812 327 3865 ΒΟ
345 3813 407 3865 alia
427 3829 586 3883 quaeque.
605 3813 675 3866 Conl.
695 3806 758 3878 vill,
776 3813 818 3866 te.
836 3812 881 3876 lx„
897 3811 941 3862 te.
