2460 4162
421 238 476 298 DE
496 237 786 301 SIMPHCITATE.
909 266 912 271 ’
1053 242 1115 303 349

82 361 212 440 qusdsm
239 360 444 437 sollemnitate,
472 380 539 423 oum
567 379 633 422 cum
662 361 793 422 dominus
814 360 981 439 Adelphos,
1001 365 1116 423 maioris

82 449 222 512 ccclesiae
235 449 380 523 Decanus,
400 457 502 524 postea
520 448 695 509 Coloniensis
715 449 964 526 Arohiepiseopus,
984 449 1023 508 ad
1043 467 1115 510 con-

81 538 193 597 vivium
214 554 299 596 suum
315 539 471 611 invitasset,
490 539 583 597 renuit
602 536 658 610 ille,
679 536 776 596 dicens
797 554 829 596 se
849 554 968 614 magnos
988 537 1121 613 hospites

82 624 199 683 habere
258 623 346 682 Dicta
378 626 480 699 missa,
520 640 585 682 eum
613 623 651 682 ad
687 624 803 683 domum
831 642 913 683 suam
940 626 985 683 vir
1012 626 1115 684 beatus

81 711 240 785 fmtinaret,
274 709 447 769 Godcfridus
480 713 541 769 eius
576 713 797 786 concanonicus,
830 713 943 769 maioris
956 706 972 789 ¹)
1004 711 1116 771 Decani

81 799 224 870 nemrius,
253 799 302 872 qui
329 797 399 855 milri
424 800 479 856 ista
507 800 650 872 recitavit,
677 797 712 857 de
740 799 863 857 fenestra
895 797 989 856 solarii
1009 798 1115 858 Portae

81 883 257 944 Clerioorum
284 886 453 959 respiciens,
479 884 551 943 vidit
570 884 666 959 plures
686 902 829 959 pauperes
849 884 929 943 illum
950 892 1114 960 sequentes,

81 972 244 1046 exquibus
266 970 314 1029 alii
343 970 451 1045 claudi,
476 971 523 1029 alii
546 973 622 1030 caeci
644 971 730 1029 fuere.
772 972 898 1030 Etcum
918 988 975 1030 non
997 978 1115 1047 possent

79 1060 202 1117 transire
222 1056 345 1132 lapides,
367 1061 415 1132 qui
435 1058 560 1133 plateam
581 1054 667 1136 illio²)
691 1057 834 1132 dividunt,
860 1060 929 1133 ipse,
951 1075 1016 1116 eum
1039 1064 1115 1117 esset

79 1142 363 1219 aeoosdeerepitae,
383 1162 501 1203 manum
522 1144 638 1220 singulis
659 1146 828 1221 porrigebat
871 1144 973 1204 Statim
995 1145 1114 1204 clericus

80 1230 229 1289 dominum
257 1248 341 1289 suum
368 1230 406 1290 ad
427 1232 579 1290 fenestram
599 1248 722 1306 vocans,
750 1234 803 1291 ait:
825 1231 901 1289 Ecce
924 1230 1047 1306 domine,
1066 1233 1113 1290 isti

81 1324 152 1377 sunt
170 1319 267 1394 magni
287 1317 428 1393 hospites,
458 1335 530 1393 quos
551 1319 687 1377 Decanus
708 1334 789 1377 meus
811 1317 925 1377 dicebat
945 1335 976 1378 se
997 1319 1112 1378 habere

80 1403 122 1463 Et
151 1420 210 1463 non
244 1404 389 1463 modicum
420 1405 587 1463 aedificatus
619 1412 663 1464 est
690 1412 816 1480 uterque.
858 1403 946 1463 Aliud
968 1404 1113 1480 quoddam

81 1491 197 1567 pietatis
225 1507 297 1566 opus
326 1490 417 1549 simile
443 1491 510 1550 huic
537 1508 591 1568 ego
620 1492 655 1551 de
676 1492 724 1550 illo
756 1493 823 1550 vidi.
865 1491 899 1549 In
921 1493 1112 1551 anniversario

81 1575 190 1636 domini
202 1577 344 1637 Brunonis
359 1578 535 1637 Coloniensis
549 1578 771 1654 Arohiepiseopi,
793 1577 919 1638 ecelesiis
933 1585 1112 1638 conventua-

79 1662 156 1723 libus
184 1664 223 1723 ad
248 1665 398 1724 eeclesiam
426 1668 516 1724 sancti
536 1664 719 1725 Pantaleonis
746 1664 895 1742 Martyris,
923 1681 1010 1739 quam
1035 1665 1112 1724 idem

79 1751 179 1811 Bruno
206 1749 382 1831 exstruxitb,
408 1753 628 1825 confluentibus,
657 1770 723 1811 cum
751 1752 827 1810 dicta
854 1768 905 1826 pro
934 1753 1111 1810 animosius

79 1839 177 1912 missa,
197 1838 324 1912 Priores,
345 1834 502 1897 secundum
522 1841 697 1913 institutum,
718 1838 895 1898 refectorium
915 1841 1045 1913 pransuri
1064 1840 1111 1896 in-

78 1931 217 1998 trassent,
249 1924 394 1984 dominum
422 1926 584 1984 Ensfridum
605 1928 701 1985 nescio
733 1931 804 2001 quot
833 1942 973 2000 pauperes
1005 1942 1111 2000 seque-

79 2011 184 2070 bantur
204 2008 328 2092 nsquei)
357 2012 395 2070 ad
424 2015 528 2073 ostium
556 2013 704 2071 refectorii.
747 2012 839 2087 Quem
868 2029 933 2071 cum
954 2012 1110 2071 refectora-

77 2098 139 2157 rius
164 2098 343 2158 introducere
364 2098 464 2174 vellot,
492 2101 665 2173 pauperibus
687 2099 807 2158 exclusis
820 2095 857 2178 ⁵),
883 2104 1042 2158 commotus
1062 2098 1110 2159 ille

77 2183 229 2243 clamavit:
249 2185 313 2262 Ego
335 2187 396 2245 sine
416 2188 477 2244 istis
491 2186 576 2245 hodie
596 2203 653 2244 non
675 2187 795 2245 intrabo.
826 2186 953 2245 Noverat
973 2187 1017 2245 vir
1037 2204 1108 2261 pru-

77 2266 268 2346 dentissimds,
285 2289 425 2349 pauperes
438 2289 500 2331 esse
518 2276 624 2332 amicos
636 2273 690 2332 Dei
697 2270 730 2347 ⁶),
752 2275 920 2332 camerarios
931 2272 1012 2347 coeli,
1032 2273 1107 2334 bene

77 2356 189 2417 babens
219 2360 250 2416 in
278 2362 415 2418 memoria
443 2359 592 2418 eonsilium
619 2358 690 2418 illud
716 2360 766 2417 filii
792 2359 863 2419 Dei:
895 2359 998 2418 Facite
1024 2359 1106 2419 vobis

78 2447 188 2503 amoos
209 2446 245 2504 de
266 2463 438 2504 mammona
464 2449 642 2522 iniquitatis,
670 2453 706 2506 eet
733 2465 801 2505 cum
829 2447 1003 2522 defeceritis,
1031 2449 1106 2505 reci-

71 2534 163 2607 pinne
183 2549 236 2591 ooo
256 2536 288 2590 sie
310 2539 432 2591 aetemc
454 2532 647 2592 tabernacula
660 2527 689 2612 ⁷).
720 2533 796 2592 Hine
817 2540 861 2592 est
882 2531 959 2607 quod
978 2540 1106 2607 tempore

76 2616 212 2693 quodam,
233 2635 298 2678 cum
319 2622 428 2694 positas
448 2620 547 2678 fuisset
566 2616 679 2698 iuxtaa)
700 2620 840 2694 reliquias,
861 2635 976 2677 monere
997 2620 1107 2677 intran-

75 2711 122 2763 tes
141 2711 175 2763 ut
196 2704 295 2764 darent
324 2705 518 2782 eleemosynas
540 2707 578 2765 ad
599 2706 728 2765 aedificia
749 2706 900 2779 ecclesiae,
930 2707 1010 2763 cuius
1038 2711 1107 2765 tunc

75 2796 174 2849 eustos
196 2800 264 2867 erat,
285 2791 328 2851 lris
350 2795 445 2852 verbis
465 2792 603 2868 populum
624 2793 764 2851 allocutus
787 2800 843 2851 est:
866 2778 941 2850 B'oni
961 2791 1106 2865 homines,

75 2878 150 2937 bene
171 2878 273 2938 videtis
301 2897 387 2954 quarn
415 2879 534 2955 grandia
555 2879 691 2955 disposita
712 2881 767 2938 sint
787 2880 834 2938 hie
856 2877 1000 2953 aedificia,
1030 2878 1106 2938 bene

74 2963 192 3039 quidem
217 2966 326 3025 facietis
351 2966 450 3024 dando
480 2966 675 3043 eleemosynas
703 2971 814 3025 vestras
841 2965 879 3022 ad
906 2964 971 3039 illa,
1003 2965 1106 3026 melius
1183 2962 1186 2973 '

73 3056 171 3110 tamen
193 3057 222 3110 et
242 3055 330 3111 tutius
349 3054 379 3111 in
400 3070 541 3127 pauperes
552 3049 574 3133 ⁹)
596 3071 645 3112 eas
665 3053 773 3112 locatis.
814 3052 899 3111 Hanc
914 3052 1105 3127 praedicatio-

73 3154 142 3197 nem
162 3138 257 3199 bonae
277 3142 431 3199 memoriae
446 3138 613 3199 Freden'ous
623 3140 781 3199 monachus
792 3147 889 3198 noster
909 3141 1017 3198 intrem
1039 3156 1105 3199 oum

72 3224 214 3284 militibus
243 3226 393 3285 ecelesiam
428 3229 518 3285 sancti
549 3226 684 3285 Andreae
718 3232 786 3285 tunc
817 3226 942 3299 audiuit,
980 3226 1105 3302 mihique

72 3318 175 3387 postca
195 3315 309 3388 saepius
337 3313 415 3372 illam
440 3316 578 3372 recitavit
619 3314 762 3373 Personas
782 3312 879 3372 Deum
900 3315 1044 3386 timentes,
1072 3320 1105 3371 ut

72 3404 104 3457 et
136 3400 199 3474 ipse
233 3399 345 3459 illarum
376 3402 483 3459 meritis
512 3405 588 3460 esset
619 3403 775 3477 particeps,
818 3399 854 3459 de
882 3415 935 3458 suo
964 3398 1103 3476 stipendio

90 3601 155 3671 ΟΒ
172 3603 304 3655 maioris
321 3601 539 3655 ecclesiano-
557 3602 620 3725 23ss
638 3602 724 3666 illuc,
742 3602 761 3656 0
778 3601 875 3654 illam.
889 3600 961 3668 -3)
974 3600 1013 3654 ΟΡ
1030 3616 1103 3653 cou-

141 3674 275 3725 struxit.
288 3702 319 3713 -
336 3673 369 3741 l)
386 3687 488 3741 nsque
505 3671 555 3723 edd
594 3671 660 3725 0.-
682 3673 714 3741 5)
732 3671 773 3725 BG
790 3672 935 3724 exclusis
977 3672 1104 3739 nuperi·

142 3741 208 3794 bas.
226 3771 257 3783 -
285 3742 318 3809 d)
336 3742 356 3795 B
374 3741 508 3797 christi.
528 3770 559 3782 -
586 3742 855 3813 tjtue.1o,o.-
880 3741 917 3809 bl
936 3739 995 3792 Η
1020 3748 1113 3789 anxa„
1178 3774 1185 3782 ,

142 3839 172 3851 -
190 3811 224 3880 9)
238 3810 327 3864 aaa?
345 3811 558 3882 pauperibus.
