2438 4170
388 108 458 171 'DE
478 108 749 172 DAEMONIBUS.
1030 108 1093 170 285

80 228 205 295 informis
223 233 418 294 minutissimis
440 231 605 309 discurrere,
626 235 742 310 saepius
761 233 792 292 in
806 233 924 294 diversis
940 231 1011 294 locis
1026 249 1094 294 eos-

80 312 134 379 dem
158 321 361 398 contemplatus
383 326 427 381 est
453 319 613 381 terribiliter
643 319 804 381 scintillare.
846 320 978 382 sentiens
1007 337 1095 396 aspe-

79 406 144 466 ctum
169 407 281 469 illorum
312 405 402 467 oculis
435 423 498 468 esse
519 411 669 484 nocivum,
701 422 755 467 nec
774 408 910 485 ignorans
938 409 1095 484 nequitiam

29 556 34 563 ,
77 485 180 571 illorum,
209 494 256 555 die
284 494 425 570 quadam,
454 496 542 554 missa
562 493 639 555 dicta
668 495 704 555 dc
730 493 838 570 Spiritu
858 500 974 569 sancto,
1003 496 1096 554 oravit

76 569 165 659 Detur,
182 588 215 643 ut
235 599 268 643 sc
289 582 327 642 ab
349 580 512 642 huiusmodi
532 582 690 642 visionibus
708 581 849 642 liberaret
892 581 995 643 Statim
1016 581 1097 641 affuit

75 659 188 731 &meu
206 670 237 728 in
257 668 350 729 forma
361 667 528 729 lucidissimi
545 668 629 744 oculi,
649 669 782 729 habentis
797 671 986 745 quantitatem
998 671 1096 746 pugni,

73 744 167 831 inquo
187 755 324 833 quicquid
353 764 414 816 erat
434 757 531 816 vivere
547 757 712 832 putabatur.
754 754 841 827 Ausi
863 755 984 817 diceret:
1005 755 1096 817 Modo

73 831 207 919 fflgmter
239 842 389 905 considera
419 860 480 918 me,
512 845 581 919 quia
612 843 649 902 de
681 849 776 904 cetero
808 859 867 903 non
898 843 1010 903 videbis
1040 861 1096 904 me.

72 914 165 991 Posce
185 937 371 991 tamencum
392 929 477 1005 vidit,
505 929 558 990 scd
585 947 644 990 non
672 937 733 990 tam
761 930 925 1005 manifeste,
953 936 983 991 et
997 927 1014 1009 ¹)
1036 936 1096 991 tam

11 1086 15 1101 Ι
70 1020 157 1093 δεῦρο,
175 1024 209 1077 ut
229 1018 317 1094 prius.
358 1017 467 1078 Factus
479 1015 582 1077 Abbas
603 1018 632 1076 in
654 1017 734 1078 Loco
755 1023 873 1078 sanciae
889 1016 1009 1091 Mariae,
1029 1034 1097 1078 oum

68 1101 162 1165 nobba
173 1104 289 1179 femina,
300 1102 411 1165 Alcidis
423 1106 547 1178 nomine,
561 1104 714 1165 Comitissa
727 1103 945 1179 deFroizbretb,
958 1112 1097 1181 tanquam
1184 1110 1187 1115 '

68 1177 119 1251 lod
136 1190 279 1253 fundatrix
298 1191 338 1251 ibi
358 1190 526 1267 sepeliretur
537 1187 574 1271 ²),
604 1198 633 1252 et
660 1191 755 1252 adhuc
785 1208 889 1268 corpus
911 1193 972 1251 cius
992 1195 1099 1254 iaceret

68 1270 227 1354 brusco,
259 1277 331 1337 vidit
358 1277 527 1338 daemonem
546 1280 642 1355 ipsum
662 1271 796 1338 feretrum
825 1280 1098 1357 circumgyrantern,

68 1368 103 1440 et
120 1368 202 1443 quasi
221 1363 331 1441 aliquid
351 1365 396 1424 sui
416 1365 485 1424 iuris
506 1366 684 1448 perdidisset,
704 1367 745 1426 ita
767 1381 866 1426 omnes
889 1367 949 1425 cius
977 1367 1099 1444 angulos

68 1452 209 1514 oculorum
232 1451 366 1528 indagine
377 1448 400 1532 ³)
427 1450 566 1512 lustravit
614 1452 750 1513 Nondum
772 1458 816 1513 est
843 1448 979 1532 annum),
1006 1454 1099 1529 quod,

67 1536 143 1601 Prior
161 1546 259 1601 noster
287 1538 356 1598 dum
382 1545 450 1614 post
476 1537 653 1614 sepulturam
682 1538 832 1600 cuiusdam
859 1541 989 1599 conversi
1009 1544 1100 1601 nostri

67 1625 102 1689 ad
119 1626 220 1689 boram
240 1627 408 1686 canonicam
429 1625 549 1686 chorum
569 1628 695 1702 intraret,
717 1633 746 1687 et
766 1628 863 1687 nescio
885 1625 954 1701 quid
975 1626 1010 1686 dc
1032 1645 1099 1688 sae-

68 1711 208 1775 cularibus
227 1712 296 1772 ioris
308 1717 467 1788 tractasset,
488 1712 643 1788 diabolum,
663 1719 802 1790 tanquam
814 1713 917 1774 ducem
938 1713 1012 1788 viae,
1033 1721 1100 1775 ante

65 1799 143 1863 illum
162 1797 273 1878 ingredi
293 1801 449 1875 conspexit
490 1800 562 1860 Erat
590 1807 688 1861 autem
715 1802 807 1861 forma
834 1802 954 1860 assumti
975 1804 1102 1878 corporis

65 1886 220 1949 admodum
240 1885 367 1960 subtilis,
388 1885 536 1948 adinstar
558 1888 651 1948 nubis.
694 1888 822 1962 Deinde,
845 1888 946 1948 diebus
967 1876 1067 1963 paucis
1080 1887 1101 1969 ν)

64 1972 184 2053 clapsis,
205 1980 290 2035 nocte
311 1973 451 2049 quadarn,
471 1975 544 2034 infra
564 1973 727 2051 matutinas,
749 1977 778 2034 in
799 1974 883 2034 simili
904 1973 985 2033 illum
1006 1977 1102 2052 specie

64 2077 162 2125 coram
182 2062 241 2122 iam
262 2058 338 2120 dicto
359 2060 457 2122 Priore
485 2068 562 2122 stare
590 2065 748 2138 conspexit.
789 2059 993 2122 NOVICIUS:
1027 2062 1103 2140 Quid

63 2148 209 2225 estquod
237 2164 391 2225 pomonam
418 2148 503 2208 huius
524 2148 680 2209 venerandi
700 2148 841 2224 Abbatis,
870 2162 935 2208 cum
963 2150 1103 2211 scriberes

63 2235 102 2297 de
119 2235 245 2296 Infantia
257 2234 415 2296 Salvatoris
428 2235 577 2296 Homolias
593 2236 729 2312 Morslcs,
751 2243 780 2297 et
800 2252 875 2312 pene
895 2252 995 2295 omnes
1016 2255 1103 2313 prae-

63 2322 157 2385 dictas
184 2324 310 2383 visiones
335 2323 376 2381 ibi
396 2339 531 2398 poneres,
563 2325 604 2383 ita
624 2341 777 2400 personam
806 2319 901 2403 eius⁶)
924 2322 1017 2383 celare
1039 2330 1103 2384 stu·

63 2408 171 2471 derisui?
220 2407 456 2470 MONACHUS:
488 2409 555 2485 Ipse
585 2428 621 2471 ex
647 2411 738 2471 multa
767 2411 885 2471 caritate
913 2416 1024 2470 sacrata
1051 2429 1104 2471 sua

63 2496 135 2557 milri
154 2495 301 2571 revelans,
333 2501 401 2556 tuuc
429 2498 565 2573 temporis
594 2514 631 2557 ne
663 2515 730 2558 euru
760 2496 912 2573 proderem
943 2496 1103 2572 probibuit,

63 2582 144 2661 quod
175 2589 277 2660 postea
303 2580 424 2659 ¹tamen,
459 2585 673 2659 importunitate
704 2602 770 2645 mea
801 2586 915 2659 meurs,
955 2587 1104 2643 concessit

63 2670 201 2733 Sciebam
222 2671 298 2731 enim
318 2687 458 2746 personae
489 2670 564 2731 illius
584 2674 755 2748 gravitatem
775 2687 861 2747 posse
882 2687 940 2729 non
961 2670 1104 2732 modicam

64 2756 225 2819 scribendis
234 2758 371 2834 praebere
385 2758 591 2819 auctoritatem.
625 2757 781 2818 Cuiusdam
797 2756 969 2819 venerabilis
982 2776 1104 2836 magna·

64 2860 187 2920 rumque
207 2845 345 2913 virtrrtum
365 2846 433 2921 viri,
462 2846 543 2905 cuius
564 2852 624 2905 tam
645 2851 714 2904 nota
741 2844 793 2904 fuit
816 2845 966 2919 sanctitas,
995 2852 1105 2908 ettam

63 2931 191 3008 probata
218 2933 387 3007 auctoritas,
414 2939 447 2992 ut
475 2948 560 2991 nemo
589 2932 626 2992 de
653 2931 728 2991 illius
749 2929 832 2991 dictis
852 2933 952 2991 merito
974 2931 1105 2994 dubitare

65 3016 181 3094 debeat,
194 3036 271 3080 uuna
282 3017 430 3079 recordor:
453 3036 574 3095 quorum
588 3021 711 3079 visionm
724 3024 785 3077 tam
797 3019 995 3095 praesentibus
1017 3042 1104 3101 quarn

64 3104 169 3167 lutum
188 3113 323 3183 poterunt
343 3103 439 3186 csse')
462 3105 624 3182 exemplum
645 3107 767 3166 terroris

87 3483 119 3551 1)
135 3483 157 3536 0
174 3498 281 3535 nec-
300 3485 333 3552 2)
345 3484 387 3538 Bc
403 3485 448 3538 ibi
467 3487 665 3554 sepeliretur
682 3497 830 3558 tanquam
848 3490 912 3543 looi
929 3490 1105 3543 fundatrix.

140 3553 207 3605 -3
240 3551 533 3608 detruncatorem
556 3556 631 3609 inda
662 3560 715 3610 ine
739 3575 847 3611 ornnes
870 3561 940 3612 eius
958 3561 1106 3631 angulos.

140 3623 207 3675 -4
241 3621 384 3677 bannus
410 3625 551 3694 elapsus.
570 3657 601 3667 -
625 3573 656 3695 ὃς
675 3627 845 3696 BCpuncis
872 3629 995 3683 diebus.
1014 3661 1046 3671 -
1074 3632 1106 3697 6)

138 3706 310 3758 personum
327 3696 398 3771 eins
415 3710 457 3747 om
475 3695 526 3749 llll.
546 3725 578 3736 -
597 3697 629 3764 7)
647 3696 688 3751 BG
704 3713 778 3751 esse
803 3707 970 3766 poterunt.
