2438 4170
415 234 487 309 ,DE
509 234 799 295 SIMPLICITATE.
1069 237 1130 294 389

97 363 128 416 et
161 358 296 431 vestitus,
332 344 398 414 cum
420 357 549 417 sollemni
578 363 665 414 cantu
693 356 858 431 deportatus
894 362 938 414 est
970 358 998 414 in
1035 363 1131 415 orato-

96 447 179 502 rium.
221 443 259 501 Et
280 461 362 518 spero
386 443 463 518 quod
486 447 554 502 catti
577 443 724 518 leonisque
748 445 870 501 evaserit
890 442 1015 501 insidias.
1057 442 1131 501 Dia·

96 530 180 589 bolus
203 538 279 589 catto
302 537 331 589 ct
351 530 442 605 leoni,
471 533 520 605 qui
550 534 617 589 satis
638 533 667 587 in
688 531 780 588 forma
802 536 830 588 et
851 532 879 586 in
901 536 1003 588 natura
1020 525 1036 608 ¹)
1060 547 1130 589 con-

97 616 223 692 cordant,
248 617 416 692 simplicium
438 618 589 676 animabus
611 618 797 676 morientibus
819 619 941 676 maxime
962 616 1131 689 insidiando,

96 709 211 779 propter
238 706 424 778 rapacitatem
457 702 641 764 assimulatur
652 701 682 783 ²).
727 703 821 779 Quam
842 703 950 762 fortiter
970 703 1131 778 impellatur

96 796 126 850 ct
145 789 300 864 repellatur
321 792 496 850 orationibus
524 793 664 849 iustorum
685 793 714 848 in
735 790 807 848 hora
832 789 881 848 illa
902 791 1031 865 terribili,
1061 791 1130 848 satis

95 877 194 936 audies
215 879 243 935 in
267 877 443 936 distinctione
465 876 616 936 undecima
639 877 674 936 de
697 877 890 936 morientibus.
932 877 1014 936 Idem
1032 876 1130 936 Lodc-

95 966 191 1037 wicus,
212 964 278 1022 licet
299 971 400 1022 natura
422 964 543 1039 simplex
564 964 661 1037 luerit,
684 967 753 1022 satis
775 971 870 1022 tamen
893 964 1042 1023 carnaliter
1062 970 1128 1022 ante

95 1053 309 1110 conversionem
337 1052 447 1109 vixerat
474 1068 565 1125 nsque
593 1050 631 1108 ad
657 1056 782 1109 aetatem
804 1050 986 1125 decrepitam.
1032 1049 1129 1125 Quan-

94 1143 155 1195 tum
177 1154 244 1196 voro
267 1139 357 1195 uirtus
379 1137 565 1212 simplicitatis
586 1136 666 1211 Deo,
699 1139 747 1212 qui
774 1143 894 1196 naturae
916 1136 1050 1212 simplicis
1072 1144 1129 1211 est,

93 1223 214 1300 placcat,
236 1223 384 1282 cuiusdam
406 1224 629 1283 sanctimonialis
651 1241 727 1283 mors
749 1226 874 1299 pretiosa
896 1223 1060 1283 declarabit

402 1412 633 1473 CAPITULUM
656 1414 821 1474 XXXVII.

171 1538 220 1595 Dc
240 1543 336 1596 morte
355 1536 490 1612 simplicis
512 1537 657 1608 montalto,
680 1554 758 1611 quoe
779 1553 902 1610 cuprum
918 1535 1051 1611 putabat

187 1623 196 1632 ’
394 1641 452 1682 esse
470 1622 615 1699 feminum
639 1624 827 1681 saeculorem.

72 1728 74 1734 ‘
148 1725 1128 1801 InDioccesiTreverensimonasteriumquoddamsanctlmonialiunr

94 1813 179 1870 situm
208 1819 265 1888 est,
297 1813 401 1872 Lutere
414 1810 434 1892 ³)
464 1812 617 1872 vocabulo.
659 1812 694 1870 In
722 1812 778 1872 hoc
807 1831 842 1872 cx
864 1813 988 1887 quadam
1010 1815 1128 1887 antiqua

93 1901 297 1959 consuetudine
319 1901 398 1958 nulla
411 1902 544 1975 recipitur
565 1899 669 1974 puella,
689 1901 743 1957 nisi
757 1903 901 1975 septennis
922 1902 966 1973 sit,
988 1899 1035 1958 vel
1048 1900 1127 1958 infra.

92 1984 142 2043 Ad
163 1990 408 2046 conservationem
429 1986 630 2061 simplicitatis,
663 2003 737 2060 quae
764 1993 856 2044 totum
878 2003 980 2061 corpus
1001 1986 1128 2044 lucidum

92 2073 168 2147 lacit,
184 2072 347 2132 huiusmodi
363 2075 525 2132 constitutio
547 2075 607 2131 sive
623 2073 798 2132 consuetudo
813 2073 937 2131 inolevit.
968 2073 1039 2131 Erat
1052 2076 1127 2133 errim

91 2163 120 2218 in
143 2160 244 2219 codem
267 2161 403 2219 coenobio
426 2163 575 2219 recentiori
596 2167 724 2235 tempore
745 2162 825 2236 virgo
849 2160 990 2235 quaedam
1014 2161 1126 2235 adulta,

92 2246 144 2305 sed
165 2250 193 2304 in
214 2248 300 2305 rebus
321 2247 471 2306 mundanis
492 2253 551 2305 tam
564 2246 709 2322 infantula,
731 2254 763 2304 ut
784 2250 832 2305 rix
855 2247 1012 2306 discernere
1030 2255 1127 2322 posset

90 2336 164 2392 inter
184 2351 272 2409 pecus
295 2341 323 2393 et
344 2334 488 2393 hominem
509 2335 699 2409 saecularem,
728 2350 763 2393 eo
786 2333 864 2408 quod
884 2335 1047 2393 huiusmodi
1067 2335 1127 2394 for-

91 2438 202 2479 marum
230 2428 296 2479 autc
317 2425 544 2480 «conversionem
572 2421 680 2480 nullam
708 2421 857 2480 habuisset
883 2424 1021 2480 notitiam.
1071 2421 1127 2480 Die

92 2506 217 2582 quadam
238 2526 351 2566 murum
373 2510 491 2583 pomerii
513 2526 599 2583 capra
627 2508 763 2566 ascendit.
813 2507 907 2582 Quam
934 2509 983 2566 illa
1011 2508 1126 2580 videns,

92 2599 121 2652 et
143 2593 212 2668 quid
234 2601 310 2654 esset
323 2612 439 2670 prorsus
451 2597 593 2670 ignorans,
615 2597 656 2652 ait
677 2594 791 2652 cuidam
814 2597 903 2651 sorori
916 2597 996 2652 iuxta
1009 2596 1125 2652 astanti:

92 2679 169 2756 Quid
190 2687 234 2738 cst
261 2679 341 2739 hoc?
383 2680 438 2738 Illa
465 2696 641 2755 cognoscens
670 2681 730 2736 eius
760 2679 982 2753 simplicitatem,
1015 2681 1126 2738 miranti

91 2767 252 2830 ioculariter
262 2763 284 2845 ⁴)
317 2765 479 2840 respondit:
513 2765 617 2823 Mulier
650 2771 693 2823 cst
724 2764 886 2823 saecularis.
939 2765 976 2823 Et
1008 2765 1126 2825 adiecit:

92 2851 214 2926 Quando
237 2853 396 2911 saeculares
417 2851 549 2911 mulieres
571 2857 731 2926 senescunt,
753 2866 860 2910 cornua
882 2858 910 2909 ct
922 2852 1027 2910 barbas
1042 2855 1125 2910 cmit-

91 2943 164 2995 tunt.
207 2937 261 2997 Illa
282 2941 322 2997 sic
345 2955 406 2996 esse
427 2945 547 3013 putans,
575 2937 683 3012 aliquid
698 2956 741 2996 ,se
769 2938 900 2996 didicisse
921 2939 1125 3015 gratulabatur.

92 3022 222 3098 Cumque
243 3042 295 3100 per
316 3025 478 3083 huiusmodi
502 3025 688 3099 simplicitatis
710 3024 841 3100 exempla
862 3029 975 3100 saepius
997 3044 1125 3085 sororum

90 3114 283 3170 maturitatem
316 3118 516 3187 temperasset,
548 3114 746 3188 gravissimam
775 3114 890 3170 incurrit
911 3115 1125 3189 aegritudinem.

91 3198 174 3275 Qrtae
196 3217 260 3257 curn
283 3201 323 3258 sic
345 3201 463 3272 iaceret,
485 3205 517 3256 ut
539 3202 586 3258 vix
607 3198 686 3274 loqui
707 3206 818 3273 posset,
840 3202 971 3260 visitante
994 3219 1024 3259 sc
1046 3201 1125 3258 infir-

90 3288 188 3360 maria,
209 3289 300 3361 primo
322 3287 420 3360 verbo,
443 3286 544 3344 deinde
566 3288 656 3362 signo,
678 3292 710 3343 ut
732 3289 811 3345 ocius
825 3287 969 3346 recederet
982 3289 1131 3367 indicavit,

89 3373 143 3432 Illa
163 3381 294 3432 neutrum
315 3373 503 3449 intelligente,
534 3373 601 3431 dum
623 3372 737 3448 stupida
759 3379 859 3446 staret,
881 3382 999 3450 aegrota
1020 3376 1124 3450 panni-

109 3526 139 3594 i)
157 3524 272 3576 Bsatis
290 3534 353 3576 tarn
371 3533 489 3576 natura
508 3541 597 3593 quarn
616 3527 647 3576 in
665 3525 773 3588 torma,
791 3525 810 3577 C
829 3527 911 3576 satis
930 3534 992 3577 tarn
1010 3527 1041 3575 in
1060 3525 1122 3575 lor-

159 3611 204 3646 ma
222 3610 312 3662 quarn
331 3597 363 3646 in
380 3603 478 3646 natura.
492 3596 568 3662 -2)
586 3595 627 3647 BG
645 3595 860 3659 concordant,
878 3605 1014 3663 proptcr
1032 3609 1141 3660 rapa-·

158 3666 288 3716 citatem
313 3664 527 3729 assimilatur,
551 3673 583 3715 et
607 3666 810 3718 morientium
835 3665 869 3734 (G
887 3662 1123 3729 morientibus)

158 3733 324 3786 animabus
347 3736 477 3786 maxime
500 3734 688 3786 insidiatur.
713 3766 744 3775 —
768 3736 837 3802 3)G
861 3735 1011 3796 Lectore3
1037 3735 1073 3783 sic
1097 3740 1122 3776 c*

158 3803 221 3860 infra
231 3804 294 3871 Vlll,
306 3805 347 3862 51.
360 3803 560 3877 lntelligcndum,
573 3813 600 3856 ut
611 3813 682 3876 puto,
693 3805 834 3863 Lutrcmth.
848 3833 877 3844 -
888 3805 921 3871 t]
932 3805 951 3858 0
962 3801 1058 3857 ioceli
