2438 4170
135 242 173 299 16
455 235 682 297 orsumc'rlo
707 235 837 296 PRIMA

133 370 162 421 et
193 363 311 419 miratus
339 357 425 417 valde
454 359 568 418 dicebat
599 361 672 418 intra
703 376 754 418 se:
787 357 951 435 Oquaudo
968 354 987 437 ¹)
1007 358 1103 419 meurs
1132 366 1177 418 cst

135 439 287 508 (levardus
307 445 486 504 monachus?
528 447 566 505 Et
588 464 653 506 cum
673 447 859 505 intellexisset
873 441 894 525 ²)
916 448 1059 505 visionem
1078 447 1177 521 lu'nse,

133 536 189 594 boc
212 534 248 593 de
269 534 317 592 illo
339 535 369 590 in
391 532 476 592 cordo
497 551 549 592 suo
571 534 722 608 iudicavit,
752 532 830 608 quod
858 538 961 608 postca
988 536 1032 592 rei
1053 540 1176 593 eventus

133 624 275 700 probavit.
318 620 356 678 Et
378 623 445 694 quia
467 620 614 680 consilium
637 620 750 680 divinae
773 619 965 695 dispositionis
988 624 1098 680 mutari
1117 638 1176 679 non

133 715 237 784 potest,
260 707 429 766 omnimodis
450 710 479 765 in
500 708 548 766 illo
570 707 680 783 impleri
701 725 820 766 necesse
841 704 936 786 fuit³),
957 704 1175 786 quoddeillo⁸)

133 797 215 855 Deus
236 793 437 871 praeostendit
480 793 595 853 Modico
618 795 716 870 elapso
738 801 866 870 tempore
888 794 965 852 idem
986 797 1100 854 iuvenis
1116 811 1176 853 non

133 886 194 942 sine
216 883 370 940 multorum
391 881 576 941 admiratione
609 881 773 942 valedicens
800 874 916 940 saeculo
945 898 1103 941 conversus
1132 888 1177 940 cst

133 973 162 1028 in
185 969 333 1043 Claustra,
364 968 511 1044 factusque
521 966 540 1048 ⁵)
562 971 691 1028 novicius
717 970 749 1026 in
771 968 874 1028 eodem
896 970 1046 1028 coenobio.
1089 968 1177 1044 Quod

134 1075 201 1116 cum
230 1058 411 1132 cognovisset
437 1050 629 1136 praedictus&
659 1055 808 1130 sacerdos,
840 1055 1057 1115 Hemmenrode
1076 1059 1176 1129 venit,

135 1142 302 1203 Gevardum
323 1144 456 1217 visitavit,
478 1150 506 1202 et
527 1142 596 1217 quid
617 1142 653 1202 de
674 1143 722 1202 illo
736 1140 756 1222 ⁷)
778 1142 889 1217 viderit,
912 1145 1046 1202 omnibus
1056 1144 1176 1201 noviciis

134 1233 272 1290 recitavit
315 1230 398 1288 Haec
418 1231 487 1287 mihi
510 1229 585 1288 diota
607 1236 673 1288 sunt
688 1247 707 1288 a
720 1227 1175 1309 nonuo⁸)Fredericomonaclro,

134 1321 184 1393 qui
204 1325 273 1375 tunc
294 1333 429 1392 praesens
450 1318 510 1392 fuit,
532 1334 598 1376 curn
620 1320 663 1375 vir
684 1324 800 1376 sanctus
821 1320 877 1376 ista
897 1320 1052 1392 peroravit.
1094 1317 1176 1376 Idem

135 1403 287 1464 (levardus
315 1410 416 1478 postea
443 1407 472 1462 in
500 1410 612 1463 tanturn
640 1404 773 1493 profecit,
802 1411 835 1462 ut
862 1404 978 1463 domino
1006 1404 1176 1463 Hermanno

135 1494 227 1568 primo
248 1490 341 1549 Vallis
363 1494 453 1549 sancti
473 1491 552 1550 Petri
572 1490 681 1550 Abbati
702 1490 878 1566 succederet,
900 1497 929 1550 et
949 1509 1009 1550 non
1030 1490 1178 1550 modicum

134 1597 187 1656 per
207 1596 274 1637 eum
295 1577 375 1636 locus
396 1580 456 1653 ipse
464 1575 485 1657 ⁹)
508 1584 568 1636 tam
589 1580 619 1636 in
639 1578 775 1655 religione
806 1596 893 1654 quam
906 1581 936 1637 iu
945 1579 1177 1654 possessionibus

134 1664 293 1742 proliceret
337 1664 422 1740 Quod
443 1667 467 1723 si
488 1668 580 1723 minus
602 1666 653 1724 tibi
670 1663 698 1745 ¹⁰)
721 1666 884 1724 suffecerint
897 1665 1061 1724 haeonova
1076 1682 1178 1724 exem-

134 1752 197 1828 pla,
229 1753 350 1811 referam
379 1754 431 1811 tibi
457 1754 543 1811 etiam
566 1751 602 1810 de
623 1754 719 1811 verbis
742 1755 833 1812 sancti
853 1752 993 1811 Bemardi
1013 1754 1178 1812 tcsb‘monia

135 1842 204 1898 satis
224 1857 302 1898 vera
345 1837 549 1899 NOVICIUS:
571 1839 653 1915 Quae
674 1838 803 1898 nondum
823 1839 899 1916 legi,
920 1839 1021 1899 audire
1043 1839 1176 1900 delectat-

489 2028 722 2091 CAPITULUM
743 2031 826 2090 VHI.

203 2154 252 2212 De
272 2155 458 2210 corwersiorre
479 2153 632 2212 Masceb’oc'
653 2154 749 2212 curer·
769 2154 908 2228 Episcopi
928 2153 1116 2228 Maquntioe.

203 2290 437 2351 MONACHL'S:
471 2292 543 2351 bum
571 2294 715 2369 ingressus
748 2295 847 2352 luisset
874 2292 1029 2368 aliquando
1058 2310 1178 2370 regnum

140 2377 311 2437 Germaniae
334 2385 449 2437 sanctus
470 2380 633 2438 Bernardus
654 2379 757 2447 Abbas
776 2377 819 2460 ¹¹),
851 2398 954 2456 pacem
975 2381 1180 2439 reformandus

139 2468 211 2524 inter
242 2465 410 2524 lotharium
438 2466 548 2542 Regem
577 2468 773 2526 Romanorum
806 2475 835 2526 et
860 2467 1089 2543 praedecessoris
1118 2470 1180 2526 eius

139 2552 255 2612 chrici
264 2560 393 2628 nepotes,
414 2553 647 2629 Maguntinorum
667 2551 694 2634 ¹²)
713 2554 883 2630 Episcopus,
903 2554 1042 2614 Albertus
1055 2557 1180 2628 nomine,

140 2640 273 2699 clericum
294 2658 379 2699 suum
400 2640 603 2716 llascelinum,
626 2645 666 2701 sic
689 2645 715 2700 ei
736 2660 841 2701 nomeu
863 2649 943 2715 erat,
964 2643 1083 2701 obviam
1104 2644 1131 2700 ei
1148 2638 1179 2720 ¹⁸)

140 2729 222 2786 misit.
265 2729 410 2804 Quicum
436 2745 468 2786 se
496 2730 614 2786 missum
641 2729 747 2788 diceret
775 2747 794 2788 a
822 2729 937 2788 domino
965 2747 1020 2787 suo
1048 2728 1089 2787 ad
1117 2746 1180 2788 ser-

140 2815 274 2873 viendum
297 2818 338 2887 ei,
364 2815 508 2891 paulisper
530 2834 595 2874 eum
616 2818 735 2874 intuitus
756 2819 800 2874 vir
820 2816 877 2875 Dei
899 2817 984 2874 dixit:
1016 2814 1102 2874 Alius
1124 2814 1180 2874 do·

140 2904 233 2960 minus
254 2909 283 2960 te
305 2905 382 2959 misit
402 2902 441 2959 ad
462 2902 643 2961 serviendum
664 2904 728 2961 sibi
780 2903 819 2960 Et
847 2921 913 2962 cum
941 2903 989 2961 ille
1021 2903 1062 2961 ad
1089 2904 1180 2962 verba

140 2991 231 3047 sancti
253 2995 464 3064 erpaveseeret,
484 3008 612 3048 asserens
634 3008 665 3048 se
687 2991 724 3048 ab
742 2990 887 3067 Episcopo
908 2994 1036 3063 urissum,
1057 3008 1180 3065 respon-

141 3076 183 3133 dit
199 3077 301 3135 beatus
314 3077 491 3134 Bernardus:
513 3076 640 3150 Falleris,
662 3080 752 3135 maior
767 3077 898 3136 dominus
908 3080 985 3136 misit
999 3084 1029 3135 te
1040 3077 1180 3136 Christus

140 3163 223 3222 Tunc
243 3167 367 3239 primum
389 3163 547 3238 intelligens
568 3159 605 3241 ¹⁸),
629 3181 765 3239 quorsum
786 3182 948 3223 sermonem
968 3165 1104 3239 vibraret,
1124 3167 1180 3223 ait:

140 3250 231 3309 Putas
251 3268 299 3309 me
319 3250 492 3309 monachum
514 3249 587 3308 velle
608 3250 690 3308 fieri?
719 3252 795 3309 absit
820 3270 840 3310 a
868 3269 929 3326 me,
955 3269 1011 3309 nec
1038 3254 1180 3328 cogitavi,

141 3354 195 3396 uec
215 3338 346 3396 ascendit
363 3336 391 3416 ¹⁵)
413 3340 442 3395 in
464 3355 514 3396 cor
534 3355 639 3395 meum.
673 3338 863 3398 Nihilominus
876 3347 972 3397 tamen
982 3338 1031 3397 illo
1042 3346 1181 3398 renuente

160 3471 191 3540 l)
208 3469 336 3538 quando
354 3470 486 3592 orpl'ad—
506 3471 596 3569 2)'DP
613 3472 662 3523 add
680 3482 854 3592 postca(
874 3474 907 3542 3)
925 3471 945 3525 G
962 3480 1019 3593 esp3
1035 3501 1070 3591 'd
1088 3473 1122 3539 4)
1139 3471 1181 3524 bl>

210 3541 396 3677 ‹gb—edj-
414 3557 457 3678 a8)
475 3543 674 3664 {didonrldduld
686 3542 1180 3680 ιι-Ι-ΜΞΞΫΒΗίειιςῖιιιωΙιιοιίιθίῃῖιιιζ,

210 3679 317 3731 Geum
344 3680 436 3731 locus
462 3679 787 3748 ille.-10)l)l’tibi
813 3685 924 3733 minus.
944 3711 974 3719 —
1005 3681 1054 3748 ll)
1071 3681 1180 3732 Ablue

210 3765 253 3802 on
270 3749 320 3802 bc.
338 3779 369 3789 -
390 3749 764 3820 innumerosorum.
784 3782 815 3790 —
837 3753 884 3819 13)
902 3751 922 3804 G
938 3753 968 3802 ei
984 3750 1127 3802 obvium.
1146 3780 1177 3790 -

212 3821 263 3887 n)
278 3820 478 3890 intelligens
494 3820 572 3873 babet
588 3821 610 3875 G
625 3830 685 3889 post
700 3822 859 3874 vibraret.
874 3850 905 3861 -
926 3822 974 3890 15)
990 3819 1012 3874 0
1027 3821 1180 3873 inruit.
