2460 4162
437 220 492 280 nn
515 218 791 282 cournrurouu.
878 208 881 213 ⁴
935 256 938 261 -
1084 224 1124 282 sa
1170 304 1177 313 η

94 343 141 409 que
167 342 275 403 terram
304 345 380 404 eirea
408 344 590 420 sepulchrum
620 344 784 404 effodientes
815 359 913 403 secum
934 359 986 419 pro
1007 343 1128 403 benedi·

96 420 192 484 tfilne
213 430 365 507 deportent.
407 430 607 491 NOVICIUS:
639 432 729 490 Miror
756 437 853 489 utrum
874 433 996 506 gratiam
1016 437 1127 490 tantam

97 519 229 604 titillent
248 521 478 591 conversatione,
499 518 547 577 vel
574 518 652 578 finali
673 520 848 577 contritione.
891 515 1126 578 MONACHUS:

100 593 170 654 Stis
196 611 260 679 puto
289 605 368 680 qnod
396 608 543 664 caritatem
573 605 703 664 habuerit
732 611 798 664 ante
819 622 902 662 suam
922 604 1129 678 infirmitatem,

103 679 162 778 (lli.a
188 694 252 750 satis
273 698 335 751 erat
350 689 366 772 ¹)
394 698 561 751 mansuetus
592 699 621 750 et
641 691 770 767 humilis3
799 691 850 750 sed
878 693 927 749 vix
953 691 1055 766 ahquis
1085 698 1128 750 cst

106 782 145 842 (ll
165 781 273 839 noverit
295 781 354 838 eius
376 781 465 838 vitam
488 785 517 837 et
534 785 690 838 extremam
711 780 922 853 poenitentiam,
945 781 1013 853 quin
1035 780 1127 854 magis

109 853 173 914 hanc
193 863 308 941 gloriam
320 863 340 945 ²)
372 866 575 925 miraculorum
596 867 720 925 ascribat
742 855 884 924 extremae
907 882 980 940 qnae
1002 867 1129 923 maxima

113 939 154 998 illi
180 954 347 1027 contritioni,
371 970 458 1028 quam
486 955 620 1028 pristinae
654 950 871 1011 conversationi.
923 950 1128 1011 NOVICIUS:

116 1026 217 1096 Viietn
242 1039 326 1113 milri,
359 1039 435 1115 quod
467 1040 588 1097 multum
617 1039 694 1116 apud
721 1039 818 1098 Deum
846 1039 963 1098 valeant
993 1036 1128 1098 lacrimae

118 1125 275 1184 marionis.
317 1124 553 1186 MONACHUS:
584 1126 689 1202 Quanti
710 1128 767 1184 sint
787 1126 865 1201 apud
886 1125 982 1184 Deum
1003 1125 1126 1198 valoris,
1156 1119 1159 1124 ’

116 1215 232 1305 humbre
252 1212 393 1289 ponderis,
413 1215 542 1274 subiecto
564 1216 616 1273 tibi
638 1213 768 1289 exemplo
791 1213 1000 1287 demonstrabo.

427 1403 660 1496 carmanum
681 1396 796 1464 xvnr.

47 1619 50 1633 ἱ
102 1541 147 1602 De
164 1547 291 1604 contrita
313 1548 447 1604 oratione
469 1552 628 1604 conbeatae
650 1545 685 1603 de
706 1544 931 1617 Hcmmenrode,
954 1562 1031 1620 qaae
1054 1550 1128 1604 tern-

173 1648 248 1707 pore
268 1632 430 1691 schismatis
453 1649 504 1692 eor
524 1632 673 1691 Fredcrtct
693 1631 886 1706 Imperatores
907 1634 1043 1690 arctavit

159 1769 301 1846 Tempore
324 1771 499 1846 schismatis,
532 1770 610 1846 quod
638 1771 690 1829 fuit
709 1765 782 1828 inter
803 1768 998 1828 Alexandrum
1020 1775 1048 1827 et
1071 1767 1130 1827 Ga·

93 1857 197 1917 lixtum
217 1860 271 1918 sub
292 1858 444 1918 Frederieo
465 1858 653 1934 Imperatore,
676 1859 725 1933 qui
746 1857 873 1915 eiusdem
894 1855 1054 1914 schismatis
1076 1871 1130 1913 au·
1181 1887 1188 1898 ,

93 1950 158 2007 otor
187 1951 247 2003 erat
276 1951 306 2003 et
334 1944 478 2020 defensor,
511 1945 755 2022 compellebantur
784 1952 882 2003 omnes
903 1942 1049 2001 Ecclesiae
1078 1959 1130 2018 per

93 2033 260 2091 universum
283 2031 383 2091 orbern
393 2033 556 2092 Romanum
588 2033 674 2091 litoris
695 2030 889 2107 imperialibus
921 2031 1014 2088 iurare
1035 2028 1130 2087 fideli-

91 2124 187 2179 atem
214 2126 243 2178 et
265 2117 455 2178 obedientiam
478 2119 604 2194 Calixto,
633 2131 719 2193 quem
745 2121 808 2193 ipse
823 2118 947 2192 ‚Papam
976 2122 1130 2176 creaverat

91 2206 273 2266 Resistentes
295 2223 364 2265 vero
385 2209 455 2265 iussi
475 2213 541 2265 sunt
569 2206 707 2265 exsulare.
752 2204 825 2264 Cum
845 2203 1008 2263 huiusmodi
1029 2203 1130 2262 literae

92 2291 240 2353 exhibitae
261 2293 381 2352 luissent
402 2296 556 2352 conventui
577 2292 612 2353 de
633 2291 862 2366 Hcmmenrode,
884 2297 913 2350 et
933 2291 1034 2349 fratres
1056 2308 1130 2349 una-

91 2380 165 2438 nimi
188 2379 304 2438 oonsilio
328 2379 467 2454 dicerem,
496 2397 527 2439 se
553 2397 736 2455 nequaquam
757 2379 830 2438 velle
851 2377 983 2438 recedere
1005 2378 1042 2436 ab
1064 2379 1131 2435 uni-

91 2472 172 2540 rate,
198 2473 384 2541 praeceptum
404 2473 456 2527 est
477 2469 525 2541 eis,
547 2473 579 2525 nt
601 2467 718 2525 colenus
740 2465 775 2524 de
788 2466 919 2525 Romano
942 2467 1049 2523 exirent
1069 2463 1131 2521 Im-

91 2555 176 2630 pen'o
189 2549 219 2632 ⁸).
262 2553 324 2613 Viri
345 2553 384 2610 illi
405 2555 516 2613 virtutis
539 2553 666 2612 divinum
687 2556 817 2612 timorem
839 2554 921 2610 minis
942 2553 1027 2626 regiis
1047 2557 1131 2610 ante·

92 2645 245 2718 ponentes,
270 2657 336 2698 cum
357 2642 415 2698 iam
436 2657 482 2699 res
504 2657 571 2701 suas
593 2647 622 2699 et
642 2643 813 2699 vestimenta
834 2640 1031 2711 sarcinassent,
1053 2638 1131 2697 ordi·

91 2728 214 2802 natique
234 2727 403 2786 fuissentin
426 2726 552 2786 diversas
575 2727 674 2786 domos
696 2729 774 2802 regni
795 2726 985 2797 Francorum,
1018 2724 1132 2783 dicebat

92 2831 172 2873 nnus
194 2829 292 2872 eorum
312 2812 469 2873 venerabili
489 2813 630 2874 sacerdoti
649 2814 746 2872 David
766 2813 908 2871 monacho
929 2810 1049 2870 ibidem:
1071 2811 1131 2870 Pa-

93 2908 149 2974 ter,
170 2902 285 2977 ignoras
307 2903 375 2976 quia
397 2916 496 2959 omnes
518 2903 702 2977 migrabimus
725 2899 845 2959 deloco
867 2897 945 2957 isto?
988 2897 1035 2956 Ita
1057 2900 1132 2957 enirn

91 2990 221 3048 intentus
243 2994 305 3046 erat
326 2988 513 3062 coelestibus,
544 2995 576 3046 ut
609 2987 677 3063 quid
708 2989 737 3045 in
768 2987 954 3046 exterioribus
986 2991 1131 3062 ageretur,

92 3091 213 3152 prorsus
233 3075 385 3150 ignoraret.
439 3074 492 3132 Cui
525 3092 591 3134 cum
613 3077 725 3134 miranti
747 3080 775 3133 et
795 3074 980 3149 interroganti
1001 3089 1131 3146 oausam,

90 3161 143 3221 ille
164 3163 310 3236 negotium
331 3150 424 3221 toturn
445 3161 613 3236 explicaret,
639 3164 793 3220 maximam
825 3163 853 3218 in
875 3161 999 3219 Domino
1021 3159 1132 3218 habens

91 3247 234 3307 fiduciam
254 3249 299 3305 vir
320 3249 422 3308 beatus
436 3248 595 3323 respondit:
619 3248 831 3322 confortamini,
851 3247 959 3322 fratres,
980 3247 1132 3304 nonenim

92 3335 211 3395 deseret
221 3333 363 3393 Dominus
374 3341 521 3411 sperantes
535 3338 563 3394 in
577 3329 647 3414 se‘).
690 3335 893 3410 Antiphonem,
916 3351 990 3409 quae
1003 3335 1033 3391 in
1046 3338 1132 3392 nocte

91 3421 207 3483 dicetur
227 3438 313 3497 super
332 3421 514 3498 Magnificat,
542 3423 650 3482 sortiter
671 3429 700 3482 ct
721 3440 787 3481 cum
808 3421 930 3480 lacrimis
952 3425 1080 3494 cantate,
1103 3425 1133 3478 et

90 3509 240 3569 Dominus
268 3509 461 3569 consolabitur
480 3526 542 3568 vos.
584 3509 655 3568 Erat
680 3517 778 3569 autem
798 3509 951 3567 Dominica
978 3514 1045 3567 ante
1067 3506 1132 3565 Ad-

91 3602 230 3670 ventum,
259 3597 288 3653 in
310 3613 369 3671 qna
389 3596 546 3672 antiphona
574 3604 617 3656 cst
638 3614 724 3673 super
744 3595 925 3672 Magnificat:
957 3595 1015 3672 (iai
1036 3595 1131 3652 coelo·

111 3727 822 3799 1)murrensis.*apacgloriamhsnc
843 3759 873 3770 -
894 3731 926 3798 3)
944 3729 983 3785 GP
1002 3735 1132 3780 exerent

165 3796 205 3851 de
223 3797 364 3853 Romano
381 3799 530 3868 Imperio.
553 3829 583 3840 -
602 3802 635 3869 l)
651 3800 737 3854 iudith
757 3801 798 3866 13,
816 3801 857 3852 17.
