2438 4170
42 89 63 205 j
97 116 160 175 aec
402 112 631 177 nusumorro
653 112 819 193 ouaarn
903 154 908 162 .

96 255 155 297 non
176 243 208 297 ut
228 237 302 297 visio
328 236 453 297 ostendit
474 237 564 297 cultm
585 237 733 314 materiali,
754 239 848 314 gratia
867 242 964 299 temen
983 238 1101 316 spirituali

19 395 26 408 ,
95 324 183 384 Mane
204 326 322 384 veniens
341 323 379 384 ad
399 324 537 399 Priorem,
559 323 674 385 dicebat
694 341 726 384 se
747 325 902 392 liberatum
921 319 1104 401 atenemne,

95 415 234 471 visionem
246 411 287 469 illi
303 429 355 487 per
371 411 498 471 ordinem
519 427 673 488 exponens.
715 411 754 471 Et
774 410 945 488 glorificavit
962 413 1036 474 Prior
1051 413 1106 474 llo-

95 502 216 574 minum,
248 500 298 573 qui
318 505 378 558 tam
399 497 565 558 mirabiliter
586 505 695 558 ettam
717 497 845 559 celeriter
864 499 992 561 liberavit
1010 517 1120 564 servum.

95 604 179 645 suum
200 585 387 644 Bemardum.
430 584 536 644 Adhuc
554 585 655 645 dieitur
673 603 758 645 carne
781 602 844 645 esse
865 589 946 664 virgo
959 584 983 666 ¹).
1020 587 1052 646 Et
1067 590 1112 647 est

94 673 167 732 haec
199 673 316 732 historia
344 674 413 732 satis
443 672 561 732 celebris
588 674 617 730 in
648 672 746 732 ordine
773 679 879 733 nostro.
930 671 1121 734 uentus:

94 760 125 818 Si
147 761 239 819 sancti
258 761 311 818 viri
332 761 374 818 sic
395 761 513 835 turpiter
533 765 687 835 tentantur,
708 776 767 818 non
788 759 894 820 amodo
914 760 1115 821 verecundabor

94 843 249 927 tantum2),
278 854 310 905 ut
330 846 485 921 hactenus,
513 845 640 905 confiteri
666 863 745 906 meas
766 847 930 906 immundas
950 849 1116 908 tentationes·

94 934 188 992 Timui
219 951 256 993 ne
294 934 471 993 confessores
495 950 555 1007 me
596 924 773 1008 despicerent
814 937 909 1010 turpia
941 934 1122 994 conflantem·

94 1019 328 1081 MONAOHUS:
351 1019 383 1079 Si
403 1025 470 1079 sunt
492 1019 668 1079 consessores
690 1021 813 1094 discreti,
827 1034 893 1080 ¹non
915 1020 1016 1081 debent
1032 1033 1119 1081 accu-

93 1115 189 1167 santes
211 1125 241 1167 se
264 1123 405 1183 enomere,
426 1106 477 1167 sed
500 1107 655 1181 consolari,
677 1124 714 1167 ne
735 1107 856 1166 similem
877 1111 1051 1168 tentationem
1067 1109 1121 1166 in·

94 1201 215 1254 currant.
259 1195 324 1254 Hoc
342 1193 455 1253 cuidam
475 1193 616 1253 sacerdoti
637 1201 737 1254 saneto
760 1202 789 1254 et
808 1194 954 1271 decrepito
976 1196 1121 1272 contigisse

94 1298 227 1358 eognovu.¹

414 1471 647 1533 CAPITULUM
668 1471 809 1534 xcvm.

217 1597 287 1654 Vita
308 1595 419 1654 domiai
446 1595 614 1655 Everhordt
633 1594 755 1670 plebani
776 1598 871 1654 aenea
892 1593 1006 1654 Jaeooe

158 1734 293 1793 Coloniae
302 1734 468 1810 parochiam
479 1735 570 1792 saneti
579 1733 684 1793 Jacobi
694 1731 853 1814 Apostoli³l
868 1731 1003 1793 sacerdos
1012 1729 1115 1809 queam

2 1824 4 1829 '
92 1829 207 1880 sanctus
220 1828 249 1880 et
265 1820 413 1898 religiosus
428 1822 554 1897 regebat,
577 1838 663 1896 quem
678 1820 812 1897 splendor
824 1821 980 1879 multarum
992 1821 1112 1880 vunnu

57 1950 60 1955 ,
91 1907 228 1966 illustrem
242 1909 356 1968 fecerat.
398 1908 469 1966 Erat
480 1904 604 1988 autent)
625 1907 763 1982 literatus,
783 1907 907 1982 humilis,
929 1913 1032 1982 cesum,
1051 1905 1119 1966 auru,

91 1994 164 2069 bilis,
184 2012 343 2070 pauperum
356 2001 445 2070 pater,
467 1995 663 2072 religiosorum
676 1999 833 2070 susceptor,
849 1997 937 2053 totius
952 1993 1112 2054 Christianae

91 2081 233 2157 religionis
255 2089 380 2157 amator,
405 2083 469 2141 Deo
493 2100 584 2156 carus,
605 2084 658 2140 toti
680 2084 786 2140 civitati
808 2088 954 2156 acceptus.
997 2081 1061 2158 Ipso
1078 2082 1112 2139 est

92 2170 221 2228 dominus
243 2168 426 2228 Everhardus
454 2169 616 2245 praedictae
639 2169 777 2228 ecelesiae
806 2167 964 2244 plebanus,
987 2171 1035 2244 qui
1054 2183 1113 2228 con·

93 2259 251 2316 versionem
273 2255 397 2315 Abbatis
423 2258 511 2315 nostri
534 2255 658 2315 Govardi
679 2256 831 2331 praevidit,
859 2258 934 2314 siout
956 2255 1115 2314 dictumest

1 2341 2 2348 ’
89 2348 118 2401 in
132 2346 224 2419 prima
238 2343 416 2402 distinctione
432 2344 556 2418 capitulo
579 2346 708 2418 septimo.
751 2343 795 2400 Ea
817 2359 891 2416 quae
914 2341 950 2402 de
973 2359 1004 2402 se
1026 2336 1116 2402 beatus

76 2431 148 2490 'Job
173 2436 318 2489 enumerat
335 2432 420 2504 bona,
442 2430 508 2489 huic
530 2433 604 2488 iusto
628 2432 743 2505 copiose
764 2432 833 2488 satis
855 2432 948 2505 gratia
971 2428 1117 2489 contulerat

90 2519 195 2577 divina.
244 2518 384 2593 Tempore
416 2518 654 2594 quadragesimali
688 2534 754 2576 cum
783 2519 889 2575 civium
918 2516 982 2592 filii,
1009 2519 1118 2575 iuveues

91 2607 192 2664 divites
217 2623 252 2664 ae
275 2605 403 2678 delicati,
431 2604 631 2663 confiterentur
651 2610 772 2679 peccata
793 2620 859 2677 sua,
888 2606 1014 2662 maxime
1035 2604 1119 2662 camis

89 2696 245 2767 incentiva,
268 2710 343 2767 quae
371 2693 526 2751 fomentare
555 2692 647 2750 solent
674 2686 824 2769 multum⁵)
853 2691 960 2749 cibaria
991 2689 1119 2763 delicata3

90 2783 157 2854 quia
178 2779 250 2838 tales
271 2783 364 2839 minus
388 2782 417 2836 in
432 2796 462 2837 se
478 2779 675 2854 experiebatur
695 2779 852 2852 passiones,
875 2777 972 2836 danus
995 2776 1120 2853 quando·

90 2884 145 2940 que
180 2867 242 2924 illos
279 2884 365 2941 quam
393 2865 537 2941 expediret
572 2866 673 2941 arguit,
702 2864 812 2923 dicens:
836 2864 932 2939 Turpe
959 2871 1019 2940 est,
1049 2861 1121 2939 quod

89 2954 217 3011 homines
234 2952 384 3011 Christiani
397 2954 521 3012 motibus
533 2959 593 3010 tam
615 2952 744 3026 turpibus
759 2953 910 3026 agitantur.
942 2951 981 3009 Et
1002 2949 1121 3010 scanda-

88 3040 185 3098 lizavit
215 3039 346 3115 pusillos,
379 3040 505 3115 aliquam
537 3039 591 3096 illis
623 3042 752 3114 ingerens
781 3039 1017 3113 desperationem.
1067 3035 1120 3096 Sed

89 3128 179 3185 iustus
210 3133 238 3185 et
267 3129 424 3186 misericors
445 3126 541 3202 Deus,
575 3128 624 3200 qui
646 3126 764 3184 Petrum
786 3121 854 3204 obi)
876 3127 970 3201 gregis
1002 3123 1121 3183 salutem

90 3214 192 3272 cadere
227 3217 366 3289 permisit,
401 3232 515 3272 servum
549 3213 603 3271 sibi
639 3212 773 3271 dilectum
807 3211 921 3288 flagello
959 3213 1121 3270 tentationis

89 3301 218 3375 erudivit,
240 3307 276 3376 et,
297 3308 330 3360 ut
350 3301 470 3361 subditis
489 3302 574 3360 sciret
587 3301 720 3376 compati,
741 3301 874 3374 passione
896 3300 1031 3383 corripuit
1052 3314 1119 3356 con-

108 3486 177 3553 01)
196 3486 300 3538 adhue
327 3487 450 3538 dicitur
476 3503 550 3538 csse
572 3488 667 3553 virgo
695 3482 1007 3548 carraxaturum
1029 3484 1118 3551 virgo
1146 3486 1149 3491 '

158 3557 274 3608 dicitur
292 3573 363 3608 osse
381 3573 487 3609 carne.
507 3587 538 3596 -
558 3557 589 3625 2)
608 3555 649 3609 BC
666 3564 790 3607 tanturn
809 3551 1069 3606 verecundabor.
1086 3580 1116 3589 -

158 3628 189 3695 3)
207 3627 360 3695 Apostoli
379 3642 420 3678 orn
438 3628 466 3679 B.
487 3657 517 3668 -
541 3627 573 3694 4)
591 3626 611 3678 Β
628 3627 721 3677 enim.
740 3655 772 3666 -
791 3625 823 3693 5)
841 3624 905 3686 ADP
923 3622 1052 3675 multum
1070 3636 1117 3674 uo-

156 3697 233 3751 lent.
254 3729 286 3738 -
305 3698 337 3768 6)
354 3696 374 3749 B
392 3696 439 3749 ad.
