2438 4170
128 253 189 314 aaa
444 250 673 314 orsrmcrro
696 249 862 330 curura
900 316 903 321 ,

128 372 287 435 semoribus
309 371 410 434 domus
430 374 513 434 illius.
556 372 759 436 nortorum
782 373 928 453 Contingit
938 371 1102 450 frequenter,
1182 392 1203 445 ur

127 467 258 540 potentes
286 463 340 520 viri
365 464 502 538 pecunias
523 463 584 522 sive
604 465 799 539 possessiones
820 461 904 521 titulo
932 463 1025 521 minus
1044 463 1132 521 iusto»
1186 489 1199 531 a

129 550 189 608 suis
211 547 331 607 subditis
353 549 515 624 obtineant,
542 555 627 609 etex
650 552 690 609 eis
712 549 812 609 domos
834 549 981 626 religiosas
1001 547 1194 617 aedificans

130 634 248 694 Licetne
271 635 408 712 religiosis
436 634 598 695 huiusmodi
623 639 748 711 recipere
770 636 967 712 eleemosynas
983 631 999 716 ¹)
1021 638 1193 699 scienter?

128 719 364 781 MONAOHUSz
386 722 529 799 Quicquid
551 725 753 782 conscientiam
774 723 931 798 remordet,
962 723 1200 793 conscientiam.

105 807 237 889 'polluit
279 808 361 869 Scias
389 815 487 868 tamen
508 808 564 869 hoc
586 806 758 886 quandoque
787 809 849 870 fleri
870 812 945 870 iusto
966 809 1023 869 Dei
1041 809 1184 886 indieio,

127 897 200 956 sieut
220 895 349 956 subiecto
372 895 520 956 doceberis
542 896 680 971 exemplo.

459 1136 692 1199 CAPITULUM
717 1136 830 1198 LXHI.

148 1295 196 1354 De
217 1293 345 1367 Abbate,
375 1295 427 1370 qni
448 1294 564 1354 audivit
584 1297 617 1353 io
638 1297 788 1355 maricae:
814 1264 930 1354 Dedisti
950 1294 1154 1354 hereditatem

244 1379 409 1441 tmenbbas
432 1388 467 1454 ta,
489 1382 561 1440 dum
583 1384 696 1441 timeret
717 1381 870 1441 abbatiam
891 1400 912 1440 a
928 1387 1048 1458 parma

465 1468 651 1545 aedificatam
671 1472 824 1544 menae.
1047 1492 1052 1503 ·

192 1623 245 1682 Vir
266 1622 383 1699 quidam
403 1630 505 1701 potens
527 1631 556 1684 et
577 1625 680 1684 nobilis
701 1627 731 1683 in
752 1631 827 1685 terra
848 1642 902 1684 sua
919 1624 1036 1685 domum
1055 1617 1172 1684 ordiris

125 1713 215 1770 nostri
236 1717 399 1772 construere
428 1711 608 1788 desiderans,
637 1729 703 1771 cum
730 1711 826 1772 locum
853 1713 983 1788 religioni
997 1718 1172 1789 congruum

104 1799 289 1874 invenisset,
310 1798 484 1858 habitatores
506 1800 566 1858 eius
587 1800 690 1874 partim
716 1801 820 1875 pretio,
841 1801 946 1876 partim
966 1801 1049 1858 minis
1068 1789 1173 1857 eiecit·

117 1882 231 1944 ·Abbas
252 1901 321 1945 vero
344 1889 393 1961 qni
414 1885 452 1944 ad
474 1884 596 1944 eundem
616 1885 712 1962 locum
733 1887 871 1946 missurus
893 1892 955 1947 erat
981 1890 1175 1946 conventum,

128 1972 231 2030 timens
251 1971 317 2031 Deo
339 1989 396 2031 non
417 1971 545 2048 placeret,
574 1972 625 2031 tali
652 1972 738 2032 modo
760 1990 902 2048 pauperes
924 1989 943 2032 a
963 1975 1022 2033 suis
1042 1978 1174 2048 posses·

128 2058 255 2116 sionibus
287 2059 441 2133 alienare,·
458 2061 550 2118 oravit
574 2058 689 2133 Deum,
720 2066 753 2119 ut
785 2061 840 2119 sibi
872 2077 959 2135 super
990 2058 1044 2118 hoe
1073 2061 1176 2117 snam

129 2142 292 2220 dignaretur
313 2145 490 2205 voluntatem
511 2145 646 2205 revelare.
688 2145 727 2204 Et
747 2156 804 2205 nort
827 2153 871 2206 est
891 2146 1095 2223 permissusvir
1115 2131 1175 2197 ille

127 2232 218 2290 iustus
248 2232 283 2292 de
314 2232 420 2292 haere
450 2232 499 2292 diu
526 2232 654 2291 tribulari
665 2228 695 2312 ²).
755 2233 831 2292 Nam
860 2232 905 2293 die
939 2233 1062 2308 quadam
1090 2234 1175 2319 cun]

129 2323 205 2377 esset
224 2320 255 2376 in
277 2322 411 2393 oratione,
439 2317 603 2378 huiusmodi
630 2336 733 2378 vocem
754 2319 880 2378 audivit:
909 2320 1025 2380 Dedisti
1045 2307 1174 2378 bere&

129 2411 218 2463 tatem
251 2405 419 2479 simeonem
444 2423 552 2465 nomen
584 2413 689 2480 tuum,
726 2403 901 2478 *amaneu
958 2407 1014 2482 Qui
1040 2403 1174 2482 surgeffl

126 2508 194 2549 mox
214 2492 352 2551 intellexit
379 2509 431 2569 per
458 2511 560 2552 vocem
591 2493 788 2569 propheticam
817 2493 936 2552 coelitus
958 2493 1109 2554 demissam
1128 2473 1171 2557 ‘la

129 2578 282 2638 voluntatis
306 2597 367 2638 esse
390 2580 518 2654 divinae,
550 2587 582 2638 ut
603 2579 732 2639 homines
753 2579 881 2639 indevoti
903 2580 939 2638 de
961 2579 1067 2640 endem
1085 2581 1171 2654 pos·

126 2668 299 2726 sessionibus
332 2662 517 2741 elicerentur,
550 2673 578 2726 et
608 2669 662 2725 viri
683 2669 806 2725 timorati
825 2666 980 2742 Deumque
1011 2662 1170 2756 laudat}tes

125 2752 233 2812 ibidem
254 2752 425 2813 locarentur.
468 2753 516 2812 Sic
544 2752 647 2829 legitur
668 2753 809 2812 Dominus
841 2756 948 2813 terram
970 2753 1168 2814 chananaeae

126 2858 188 2898 rum
210 2847 238 2898 et
259 2840 431 2916 reliquarum
447 2840 656 2898 immundarum
670 2843 799 2916 gentium
812 2840 925 2900 dedisse
946 2840 1010 2900 filiis
1030 2832 1128 2901 Israel
1143 2819 1167 2925 ¹}

126 2925 190 2985 Non
220 2934 316 2985 tamen
347 2929 403 2985 ista
429 2927 567 2986 trahenda
596 2933 662 2985 sunt
693 2930 722 2984 in
755 2927 930 3003 exemplum,
969 2930 1036 3004 quia
1066 2925 1166 2986 om11¹³

126 3015 247 3072 avaritia
262 3015 409 3089 omnisque
431 3013 747 3089 iniustitiaareligiosis
771 3014 939 3074 detestanda
960 3021 1012 3074 est.
1043 2996 1163 3074 NOVJ-

127 3097 228 3158 erut:
258 3100 351 3158 Tanto
381 3100 503 3175 amplius
531 3103 559 3158 in
592 3100 698 3159 talibus
730 3100 896 3160 scandalum
924 3101 1070 3161 vitandum
1096 3091 1159 3158 esis

126 3188 193 3259 quia
206 3183 226 3266 ⁶)
250 3186 410 3247 saeculares
431 3204 489 3247 non
510 3187 630 3248 libenter
652 3184 817 3248 claustrales
838 3188 947 3248 habent
970 3190 1083 3249 vicinos.

143 3613 364 3683 l)l’recipere
382 3615 563 3670 huiusmodi
582 3617 855 3686 elecmosynas‚B
870 3616 1052 3670 huiusmodi
1067 3614 1138 3666 elet-

192 3701 346 3752 mosynas
365 3689 528 3755 recipere,
546 3689 565 3742 C
583 3689 637 3741 has
660 3693 822 3756 recipere.
843 3719 873 3728 -
893 3689 925 3756 2)
942 3688 962 3740 P
979 3685 1135 3739 turbari*

191 3753 366 3896 ἓζέξιέὸθθ,
384 3759 409 3810 6.
428 3788 458 3798 -
483 3760 516 3827 4)
535 3757 555 3814 Ο
576 3757 750 3811 dimissam.
769 3788 801 3796 —
827 3758 858 3827 5)
876 3757 953 3809 Josue
971 3758 1012 3810 12.
1030 3782 1061 3796 -a
1081 3744 1136 3820 o)⁰
