2438 4170
401 237 456 298 DE
478 235 762 298 GONVERSIONE.
1054 237 1094 297 49
1159 254 1162 276 ·

49 410 53 419 .
84 359 138 421 atis
155 359 318 437 simpliciter
339 363 471 436 exposuit
490 378 541 437 per
563 360 691 421 ordinem
710 362 775 419 riae
797 374 866 417 suae
881 375 1006 432 eausam,
1027 357 1096 416 suris

49 482 51 489 ·
88 443 180 526 eiam)
200 449 365 523 nequitiam.
396 447 434 505 Et
450 455 483 507 ut
504 447 645 506 sacerdoti
658 442 833 525 verborum²)
846 445 933 503 fidem
947 452 1096 518 astrueret,

49 552 54 615 ζ
90 533 247 609 nundinem,
274 534 369 593 literas
390 534 567 610 pontificales
589 537 794 608 continentem,
824 533 962 608 ostendit3
993 538 1021 591 et
1042 531 1096 590 ad-

49 638 53 659 ¹
92 620 150 681 seit:
179 621 208 680 Si
228 621 312 680 fuerit
333 621 378 678 sur
398 624 551 697 quaesitus,
573 624 652 680 ocius
672 623 838 679 invenietur.
875 619 947 678 Mor
968 619 1006 678 ad
1024 635 1095 678 eon-

93 705 164 767 niun
182 707 334 767 sacerdotis
355 724 455 784 nemus
477 709 584 767 retibus
606 714 635 765 et
656 709 773 766 canibus
795 707 926 780 ambitur,
946 706 991 763 lur
1005 722 1096 781 quae-

95 795 147 853 dtus
163 794 412 871 comprehenditur,
433 794 471 853 ad
492 795 627 853 iudicium
644 801 763 869 uterque
777 794 904 852 trahitur.
937 790 1095 871 Cumque³)

95 881 158 940 adse
173 881 217 941 ille
238 882 276 940 ad
297 884 418 942 chunnis
440 882 647 940 consessionem
659 881 829 940 cruciatibus
843 875 1096 957 compellereture),

96 968 136 1025 ut:
150 967 251 1027 Iniuste
271 968 426 1044 compellor
438 968 574 1027 confiteri
596 968 673 1043 quod
694 985 752 1026 non
772 968 841 1042 leci;
863 970 917 1026 iste
940 983 1005 1024 cum
1021 966 1095 1025 furto

97 1051 259 1129 dmmhensus
293 1055 450 1115 seeundum
481 1057 526 1114 ius
554 1054 636 1114 civile
669 1054 847 1114 damnandus
879 1059 929 1113 est.
971 1052 1096 1112 Econtra

97 1154 147 1199 cun
160 1141 250 1216 puella
270 1141 388 1216 diceret,
416 1143 470 1200 sibi
497 1159 569 1200 onus
597 1140 694 1201 dolose
721 1141 808 1200 fuisse
838 1142 1035 1214 commissum,
1068 1146 1097 1197 et

97 1229 215 1287 mitoere
235 1228 321 1288 vellet
341 1230 514 1304 depositum3
547 1228 693 1304 respondit
712 1228 778 1287 ille:
801 1225 881 1287 Onus
902 1226 978 1286 istud
1000 1243 1096 1284 meum

98 1326 144 1373 esse
159 1332 242 1392 nego,
263 1333 320 1375 vox
341 1318 424 1375 unius
445 1319 637 1374 testimonium
660 1322 703 1374 est
724 1315 836 1373 nullius.
868 1313 915 1372 Ad
930 1313 1094 1389 haecvirgo

98 1398 219 1460 ohnutut.
259 1403 341 1462 Tunc
361 1402 501 1462 accedens
532 1400 697 1482 sacerdos⁶)
719 1420 770 1477 pro
799 1405 862 1477 ipsa
889 1399 1038 1477 allegavit,
1068 1406 1096 1459 et

62 1544 65 1549 .
99 1486 157 1561 duod
174 1495 243 1549 esset
261 1492 396 1549 innocens
418 1489 541 1565 doloque
562 1490 684 1548 hominis
706 1492 906 1562 circumventa,
927 1491 995 1547 satis
1017 1486 1095 1545 affir-

62 1618 65 1623 .
98 1576 171 1641 uuit
208 1576 289 1635 Etsi
310 1579 418 1650 minus,
445 1579 550 1651 inquit,
570 1578 673 1635 *verbis
701 1578 772 1634 meis
799 1575 933 1650 creditur,
966 1576 1096 1632 examino

98 1654 146 1718 lun·
162 1664 308 1738 candentis,
331 1666 394 1739 quis
414 1679 480 1721 reus
501 1665 545 1737 sit,
567 1665 629 1738 quis
650 1665 799 1736 innocens,
821 1661 902 1721 facile
924 1661 1096 1735 comproba-

99 1742 161 1813 Μ
197 1750 280 1825 Quod
301 1768 366 1809 eum
387 1750 519 1809 omnibus
540 1749 709 1824 placuisset,
741 1766 842 1807 manus
873 1748 941 1806 furis
962 1743 1094 1826 adustas)

99 1837 141 1907 tlt,
154 1837 257 1910 puellae
278 1854 346 1896 vero
369 1854 469 1895 manus
489 1836 589 1895 illaesa
610 1839 749 1911 apparuit.
792 1835 874 1894 Tunc
895 1835 956 1893 lure
978 1833 1096 1894 celerius

99 1932 217 1998 suspenso,
238 1924 382 1983 consessor
403 1930 432 1982 et
451 1924 585 1982 liberator
606 1925 722 1998 virginis
742 1922 871 1998 gaudens
890 1922 969 1980 illam
989 1923 1019 1978 in
1042 1920 1095 1978 do·
1125 1941 1129 1946 ·

99 2018 251 2069 mansuem
271 2013 385 2086 reecpit.
426 2009 465 2067 Et
491 2027 573 2085 ecce,
602 2010 714 2069 diaholo
741 2012 908 2086 instigante,
938 2012 987 2083 qui
1012 2007 1096 2067 saluti

100 2091 187 2168 vhpds
204 2099 312 2172 invidit,
333 2099 464 2174 cognatio
485 2092 563 2171 furis,
585 2096 620 2156 de
642 2103 702 2154 tam
723 2099 798 2172 turpi
819 2102 909 2155 morte
924 2095 1097 2168 eiuslurens,

99 2174 221 2243 innocuam
242 2193 271 2242 et
291 2184 346 2243 Dei
366 2184 469 2243 iudicio
490 2184 639 2243 liberatam
661 2185 696 2243 de
719 2183 803 2242 domo
825 2182 981 2242 sacerdotis
1001 2188 1097 2257 extra7

100 2264 143 2339 xit,
159 2287 257 2346 reoque
279 2272 423 2346 deposito,
444 2270 508 2329 loco
530 2271 603 2329 illius
613 2268 632 2350 ⁷)
654 2271 732 2330 illam
754 2270 909 2345 suspendit.
951 2269 1022 2328 Mox
1043 2287 1097 2327 an-

99 2349 402 2433 mensunusum,
435 2360 483 2433 qui
506 2363 534 2416 et
554 2360 705 2434 virginem,
734 2375 770 2416 ne
790 2357 887 2432 laquei
907 2359 1023 2415 sentiret
1043 2373 1097 2413 an-

100 2442 196 2519 gnum,
223 2447 406 2520 sustentarit3
436 2452 465 2503 et
485 2444 601 2504 mirifico
623 2444 719 2503 vultus
742 2447 785 2502 sui
807 2443 892 2503 odore
913 2444 1018 2502 reiecit.
1060 2442 1099 2501 Et

101 2536 149 2584 tun
164 2531 227 2589 nihil
247 2535 364 2591 sentiret
384 2531 503 2606 doloris,
534 2534 592 2589 imo
621 2533 751 2590 maximis
779 2549 810 2590 se
830 2536 944 2606 putaret
963 2533 1099 2588 interesse

60 2642 83 2671 -ι,
100 2605 188 2693 deliciis,
206 2621 234 2676 in
256 2622 320 2695 ipsa
340 2626 424 2678 nocte
445 2625 505 2677 tam
526 2636 645 2677 suavem
659 2618 767 2678 audivit
779 2617 940 2691 melodiam,
961 2617 1100 2692 sympho-

59 2734 63 2739 ·
99 2695 156 2758 liam
173 2710 229 2763 tarn
249 2706 399 2780 diversam,
420 2702 511 2784 tam⁸)
532 2705 699 2779 iocundam,
725 2711 758 2764 ut
782 2704 876 2762 nullus
898 2703 1019 2777 chorus,
1040 2705 1101 2768 sive

100 2792 233 2867 uporms,
254 2796 314 2852 sive
336 2792 567 2866 instrumentalis,
588 2799 684 2851 tantae
706 2791 847 2851 dulcedini
867 2797 964 2866 posset
983 2806 1101 2865 compa-

99 2874 146 2929 Μή·
179 2878 344 2939 Sciscitante
366 2897 408 2954 ea,
430 2878 575 2954 quidhoc
597 2886 686 2953 esset,
715 2876 1006 2954 responditangelus:
1028 2876 1102 2934 Ani·

49 2964 52 2999 ³
98 2966 135 3014 md
149 2969 242 3026 sororis
264 2973 331 3026 tuae
353 2965 473 3042 Agnetis
495 2964 562 3024 cium
582 2966 638 3024 hoc
660 2972 799 3024 concentu
820 2965 949 3041 angelico
977 2967 1007 3021 in
1035 2981 1103 3023 coen

97 3034 144 3104 lum
161 3051 285 3128 defertur,
308 3059 337 3112 et
357 3060 389 3110 tu
410 3058 477 3128 post
496 3055 642 3112 biennium
663 3052 780 3111 feliciter
794 3054 928 3127 sequeris.
961 3051 1008 3110 Sic
1018 3052 1105 3110 beata

95 3123 136 3190 lh
149 3153 194 3213 per
213 3139 333 3200 biduum
354 3135 532 3220 pendente9),
553 3145 683 3215 pastores
704 3141 734 3196 in
755 3142 848 3198 vicino
870 3145 1029 3214 pascentes,
1049 3141 1105 3196 mi-

93 3222 226 3289 hianda
246 3229 317 3286 moti
340 3226 539 3300 condixerunt,
564 3233 597 3284 ut
620 3244 722 3302 eorpus
746 3226 927 3302 deponerent,
949 3232 1035 3300 atque
1058 3243 1106 3283 se-

91 3305 205 3373 pulturae
226 3313 465 3374 commendarent.
508 3313 603 3372 Inciso
624 3329 693 3372 vero
715 3313 828 3388 laqueo,
849 3329 916 3387 non,
937 3318 969 3370 ut
984 3328 1107 3382 consuc-

90 3388 151 3455 iudo
169 3408 210 3460 cst
222 3401 403 3476 cadaverum,
426 3419 491 3459 eum
505 3400 631 3476 pondere
646 3399 755 3476 cecidit,
777 3399 827 3459 sed
838 3399 983 3475 paulatim,
1005 3398 1107 3474 angelo

104 3591 137 3665 1)
150 3600 185 3654 lll'
201 3613 232 3656 et
249 3604 342 3656 luris.
362 3635 393 3645 —
412 3605 444 3673 2)
462 3605 632 3660 verborum
651 3619 692 3656 om
710 3603 737 3656 0.
758 3633 789 3643 -
809 3603 840 3671 3)
860 3619 921 3671 que
939 3601 989 3654 add
1009 3600 1057 3654 BC.
1079 3633 1109 3642 -

151 3673 179 3741 l)
195 3673 215 3727 (l
231 3674 484 3742 compelleretur
510 3674 719 3727 cruciatibus.
740 3703 770 3712 -
790 3673 822 3741 5)
840 3672 860 3725 Ο
878 3671 1033 3724 sacerdos
1058 3687 1107 3723 cc-

151 3743 272 3796 ccdens.
292 3774 322 3782 -
343 3744 433 3812 6)οΡ
451 3755 621 3802 exusta·
641 3745 673 3812 7)
691 3743 731 3796 o?
750 3745 868 3795 cius-
889 3743 920 3810 8)
939 3739 959 3795 G
978 3750 1113 3809 tamque·

153 3811 180 3879 9)
197 3812 216 3866 (l
232 3813 387 3882 pendeus.

814 3890 844 3966 3
