2460 4162
406 236 461 296 uu
483 190 773 298 surrcrcmarn.
935 266 938 277 ·
1042 235 1103 294 aas

67 358 162 420 ditare
173 356 366 435 Evangeliunr
382 358 476 434 prodit
488 355 513 438 ¹).
556 357 640 418 Unde
662 356 831 433 quibusdam
852 357 979 426 nuncin
1000 355 1105 415 Christi

65 448 184 506 nomine
203 445 341 504 miracula
360 445 544 520 iacientibus,
564 447 626 521 ipse
646 447 675 502 in
696 445 752 503 fine
775 443 899 503 dicturus
922 449 978 501 est:
1000 443 1105 502 Nescio

65 533 149 593 uude
168 535 245 609 sitim
266 532 399 591 discede
420 551 441 591 c
461 551 507 590 me
529 549 628 590 omnes
650 534 778 606 operarii
798 533 962 605 iniquitatis
970 526 1002 601 ²).
1044 528 1105 587 Mi-

67 618 169 679 racula
190 618 225 678 de
246 619 407 677 substantia
428 621 584 678 sanctitatis
606 635 663 677 non
685 624 766 691 sunt,
789 616 842 675 scd
863 619 945 692 signa
966 618 1105 675 sanctita-

66 707 113 765 tis.
161 705 270 766 Volcns
302 706 443 764 Dominus
481 696 597 762 militem
633 722 717 763 suum
750 705 895 762 emeritum
924 720 1105 763 remunerare

66 798 136 868 post
155 791 293 866 laborem,
314 791 366 850 tali
386 791 466 850 iham
488 791 586 850 ordine
606 793 722 851 vocavit
743 790 781 849 ad
802 790 929 866 gloriam.
971 789 1007 847 In
1028 791 1104 866 vigi-
1179 854 1183 860 ,

65 877 106 937 lia
131 878 304 939 Dominicae
326 879 566 952 Resurrectionis,
588 896 654 937 cum
675 883 886 952 exspectaretur
907 876 945 934 ad
966 875 1103 937 solemne

66 965 200 1041 officium,
222 966 356 1040 eoquod
378 965 616 1024 hebdomadarius
638 970 720 1037 esset,
741 971 857 1039 repente
880 965 973 1038 coepit
993 964 1101 1025 viribus

12 1098 18 1107 .
65 1051 191 1111 destitui
225 1052 355 1112 Vocatus
387 1059 432 1110 est
463 1052 642 1127 supradictus
664 1051 808 1124 Renerus,
838 1052 887 1125 qui
914 1067 966 1125 per
985 1055 1102 1109 ,tactum

64 1156 158 1199 venae
178 1138 252 1197 illius
272 1141 302 1196 iu
322 1140 413 1196 ianuis
435 1145 555 1197 mortem
564 1135 584 1218 ³)
607 1139 745 1211 sentiens,
775 1136 810 1195 de
832 1153 914 1195 sacra
935 1139 1099 1196 inunctione

64 1242 133 1285 oum
153 1227 271 1299 monuit,
291 1224 435 1283 modicum
456 1225 613 1284 medicinae
634 1224 838 1297 confortativae
860 1224 902 1281 ori
923 1225 985 1282 eius
1003 1225 1099 1298 impo-

63 1328 147 1371 nens.
190 1311 285 1388 Quam
314 1329 379 1370 cum
407 1310 454 1369 ille
477 1317 640 1387 exspueret,
669 1317 698 1369 et
719 1310 837 1370 diceret:
870 1310 933 1386 Ego
954 1305 1101 1389 missam)

63 1400 94 1457 in
107 1404 251 1458 conventu
264 1396 430 1472 celebrab03
451 1398 611 1473 respondit:
632 1397 724 1457 Missa
740 1400 773 1473 ,in
794 1396 849 1455 hac
870 1399 931 1455 vita
951 1414 1099 1470 nunquam

64 1484 253 1561 celebrabitis.
296 1484 360 1559 Quo
389 1484 501 1559 audito,
529 1503 560 1544 se
588 1486 686 1561 inungi
705 1486 799 1559 petiit,
831 1489 860 1541 et
881 1483 1100 1542 cumfratribus

61 1571 191 1647 psalmos
226 1577 255 1630 et
285 1571 420 1630 letaniam
449 1571 619 1630 decantavit
669 1570 752 1630 Circa
778 1570 879 1628 horam
899 1586 1005 1628 nouam
1034 1586 1101 1628 eum

62 1656 177 1717 Christo
190 1656 312 1718 reddidit
324 1660 461 1733 spiritum,
482 1657 634 1716 sociandus
645 1657 789 1732 spiritibus
802 1658 950 1714 iustorum.
963 1655 1100 1730 Sequenti
1126 1645 1131 1657 ’

62 1742 111 1805 die
130 1751 198 1821 post
215 1750 346 1804 sanctum
363 1743 477 1803 Pascha
498 1761 563 1802 cum
584 1743 780 1816 tumularetur,
802 1741 932 1801 dominus
952 1741 1099 1801 Everhar·
1167 1756 1169 1763 ·

15 1894 18 1903 ,
61 1829 119 1890 dus
139 1833 232 1890 sancti
253 1830 358 1890 Jacobi
379 1830 527 1904 plebanus,
549 1832 628 1889 cuius
650 1832 740 1889 vitam
761 1829 912 1887 virtutibus
933 1827 1048 1903 plenam
1069 1830 1099 1885 in

62 1914 245 1976 distinctim
272 1921 374 1990 quarta
403 1916 527 1991 capitulo
554 1918 739 1991 nonagesimo
762 1920 865 1973 octavo
888 1913 1037 1989 descripsi,
1069 1914 1098 1971 in

60 2001 209 2062 audentia
240 2001 394 2061 multomm
421 2002 479 2061 tale
508 2002 544 2060 de
572 2002 620 2061 illo
649 2003 840 2060 testimouium
863 2000 955 2060 dedit:
987 1998 1098 2074 Hodie,

61 2090 169 2165 inquit,
197 2088 245 2147 hic
266 2094 359 2148 terrae
381 2089 595 2147 commendatur
616 2106 681 2147 caro
703 2089 896 2162 sanctssima,
918 2103 992 2163 quac
1013 2103 1099 2162 super

62 2181 169 2235 terram
190 2177 269 2233 vixit
311 2176 349 2233 Et
379 2177 446 2250 quia
468 2176 503 2234 de
524 2174 667 2233 miraculis
689 2176 818 2249 quaestio
839 2173 907 2248 fuit,
934 2178 1001 2249 post
1020 2191 1100 2232 mor-

61 2268 123 2322 tem
144 2264 232 2338 signis
252 2278 311 2320 non
333 2264 430 2320 caruit
473 2262 614 2321 Sacerdos
643 2261 758 2337 quidam
780 2268 809 2320 et
829 2260 1028 2337 stipendiarius
1050 2277 1100 2319 ec·

61 2348 176 2423 alaeue,
196 2351 310 2407 nomine
322 2347 427 2422 Adam,
449 2350 522 2407 sicut
536 2348 603 2406 mihi
624 2347 719 2406 retuht
741 2365 789 2407 ore
812 2364 873 2422 suo,
895 2352 1100 2422 cumtempore

61 2435 189 2512 quodam
210 2435 459 2494 vehementissimo
482 2437 581 2510 capitis
603 2434 701 2494 dolore
721 2440 915 2510 torqueretur,
943 2433 981 2493 ad
1002 2432 1100 2509 sepul-

61 2522 163 2583 chrum
178 2523 238 2581 eius
259 2524 389 2595 accessit,
410 2527 439 2580 et
459 2524 488 2579 in
501 2521 578 2581 hunc
595 2522 712 2587 modum
724 2523 828 2581 oravit:
849 2522 982 2595 Domine,
1002 2521 1100 2594 inquit,

60 2615 179 2685 propter
210 2610 311 2667 merita
332 2611 423 2666 sancti
451 2607 534 2666 huius
563 2610 616 2666 viri
635 2610 743 2684 mitiga
765 2606 891 2665 dolorem
913 2608 1013 2682 capitis
1035 2608 1100 2664 mei.

61 2694 120 2771 Qui
137 2711 214 2756 ‘mox
242 2694 406 2769 exauditus,
436 2712 522 2753 sanus
544 2696 681 2769 abcessit,
713 2696 763 2769 qui
782 2693 910 2751 infirmus
931 2699 1100 2752 accesserat.

59 2780 158 2843 Multa
183 2780 278 2840 adhuc
294 2781 349 2840 alia
370 2782 437 2840 iecit
456 2783 548 2839 iustus
568 2783 621 2841 iste
644 2797 731 2856 opera
751 2782 889 2839 memoria
910 2779 1005 2855 digna,
1026 2795 1100 2854 quae

60 2867 158 2927 smdio
192 2869 340 2927 brevitatis
377 2874 444 2925 sunt
472 2870 586 2926 omissa.
627 2865 829 2927 NOVIOIUS=
867 2865 983 2926 Utinam
1005 2873 1101 2924 esseut

60 2954 136 3015 tales
165 2968 265 3013 omnes
293 2955 419 3027 Dccani,
441 2960 499 3012 tam
521 2953 664 3029 simphces
697 2961 725 3012 et
746 2960 805 3012 tam
826 2956 925 3012 sancti.
968 2950 1101 3011 MONA-

61 3039 183 3101 CHUS:
210 3040 357 3100 Recordor
378 3058 454 3099 nuuc
476 3040 591 3100 alterius
613 3041 760 3099 cuiusdam
777 3040 897 3113 Decem,
918 3041 970 3098 viri
990 3039 1101 3115 simpli·

59 3130 103 3189 eis
131 3144 167 3187 ac
188 3127 253 3186 Deo
283 3128 373 3203 digni,
403 3127 438 3187 de
466 3130 546 3186 cuius
566 3128 719 3186 viantibus
745 3126 886 3202 quaedam
912 3126 981 3184 mihi
1010 3144 1101 3202 nuper

58 3213 158 3275 reurlit
176 3216 313 3290 magister
333 3213 482 3273 Johannes
502 3214 639 3274 Decanus
659 3213 817 3289 Aquensis,
849 3212 885 3273 de
906 3213 1008 3273 eadem
1028 3214 1101 3273 civi·

59 3306 122 3361 tats
135 3299 280 3375 oriundus,
300 3303 329 3359 in
348 3318 406 3376 qua
422 3300 499 3359 idem
519 3303 611 3361 iustus
631 3301 724 3363 iuerat
743 3300 888 3376 Decanus,
910 3316 984 3376 quae
1004 3305 1101 3361 tecum

60 3388 291 3449 communicabo.

79 3727 115 3799 1)
129 3728 206 3783 lora
224 3731 250 3791 6,
270 3728 311 3782 13.
327 3758 357 3769 -
378 3728 479 3797 2)l.uc.
499 3728 541 3794 13,
561 3729 603 3783 27.
623 3758 653 3769 -
672 3729 705 3800 3)
722 3728 764 3785 BG
780 3739 914 3784 mortem
931 3730 963 3782 iu
980 3729 1099 3782 ianuis.

134 3826 166 3841 -
184 3798 218 3869 4)
236 3797 257 3853 Β
274 3800 404 3853 mirram
421 3797 527 3852 hodie.
