2438 4170
94 246 157 306 344
415 241 642 305 DISTINOTIO
670 242 805 305 SEXTA

92 354 290 443 Hermannum
310 364 456 426 Abbetem
483 366 519 426 de
545 360 772 441 Hammenrode,
804 365 946 442 quondam
973 367 1084 428 maron

94 460 258 513 sanctorum
279 451 484 528 Apostolorum
504 456 534 511 in
553 453 679 529 Colonia,
699 457 793 513 virum
814 471 906 529 aeque
926 455 1049 514 literatum
1063 472 1085 515 a

95 541 264 614 discretum,
292 540 330 598 ad
358 557 487 599 mensam
515 558 597 600 suam
628 544 769 600 invitavit.
811 540 850 599 Et
878 558 944 600 cnm
969 559 1019 601 non
1036 548 1086 601 noct

93 628 134 687 ibi
153 626 332 703 pulmentum
359 630 420 686 sine
449 628 594 702 carnibus,
623 633 732 687 secrete
760 631 905 704 praecepit
931 631 1086 704 ministrari

4 721 6 733 '
93 714 206 774 lardum
228 714 396 789 extraheret,
417 716 514 789 sicque
527 716 619 790 pisam
632 714 742 774 Abbati
762 721 927 790 apponeret.
953 715 1087 775 Concedent

94 800 142 860 illo
163 801 327 876 simpliciter
348 803 487 876 apposita,
508 801 666 860 monachus
688 805 749 861 eius
771 804 820 877 qui
846 809 905 861 tam
926 802 1034 878 simplex
1048 818 1087 860 non

94 887 156 961 luit,
176 876 346 963 perticulam
372 887 445 945 lardi
471 891 500 945 in
523 888 642 946 scutella
663 906 716 948 sua
737 890 894 963 reperiens,
923 888 1022 948 Abbati
1042 902 1087 947 nor

95 975 227 1034 ostendit.
271 974 335 1050 Qua
355 977 431 1049 visa,
456 978 552 1033 statim
573 975 721 1034 scutellam
745 978 855 1034 emovit
881 974 981 1035 Abbas
1004 980 1087 1051 propter

96 1063 305 1120 conscientiam.
347 1061 535 1120 Venientibus
558 1064 597 1120 eis
619 1065 648 1119 in
668 1065 761 1137 viam,
782 1060 885 1139 Abbas
908 1062 944 1122 de
964 1064 1087 1122 onduibte

94 1148 268 1208 monachum
286 1150 387 1224 arguit,
409 1148 520 1207 dicens:
542 1148 620 1208 Male
640 1149 759 1224 habeas,
781 1150 859 1224 quod
879 1149 964 1209 hodie
984 1147 1088 1209 abstuliei

94 1236 163 1294 rbihi
182 1235 361 1311 pulmentum
381 1252 486 1293 meum.
529 1235 560 1295 Si
580 1238 734 1310 tacuisses,
767 1253 821 1312 ego
851 1239 1005 1314 ignoranter
1019 1248 1087 1296 ono

94 1322 164 1382 dens
186 1322 361 1380 comedendo
383 1339 441 1380 non
461 1339 635 1398 peccassem.
684 1323 776 1382 Paeto
799 1322 866 1384 huic
887 1325 1042 1383 contorium
1055 1334 1086 1378 re·

95 1410 197 1468 condor
216 1410 317 1468 iecisse
338 1409 488 1468 Danielem
509 1409 668 1469 Seoueriae
680 1406 706 1488 ¹).

165 1520 175 1549 b

455 1544 689 1644 ommutuit
710 1583 764 1643 rv.

122 1707 170 1766 De
194 1703 369 1766 Godeseolco
390 1706 543 1779 otoaocbo,
566 1708 618 1780 qui
639 1708 671 1764 in
684 1704 824 1781 Sipeberp
846 1712 993 1765 artocreas
1010 1702 1069 1777 eopi-

290 1796 369 1851 mine
390 1792 521 1851 decoctos
542 1792 708 1868 simpliciter
728 1792 930 1876 manducavit.

157 1913 300 1989 Tempore
328 1913 453 1988 quodam
482 1931 548 1972 cum
576 1913 652 1971 idem
673 1913 791 1987 Daniel,
820 1920 890 1972 tunc
917 1913 995 1971 Prior
1013 1911 1089 1976 nuit.
1135 1902 1138 1925 ¹

94 2000 246 2076 pranderet
265 2003 294 2058 in
315 1999 461 2076 Sigeberg,
484 2006 512 2058 et
533 2007 609 2059 esset
629 2018 695 2058 cum
717 2017 751 2059 eo
773 2001 860 2059 irater
882 1989 1090 2059 Godesonlcuodt

93 2088 336 2162 Volmuntsteine,
368 2086 525 2145 monachus
557 2086 676 2161 simplex
698 2093 726 2144 ct
746 2089 854 2161 iustus,
886 2088 1034 2162 appositae·
1047 2082 1092 2140 sont

95 2177 135 2233 eis
157 2193 174 2232 a
195 2175 327 2232 iratribus
350 2175 477 2232 ciusdem
500 2175 629 2232 coenobii
650 2180 804 2247 artocreae,
828 2176 859 2232 in
881 2175 1013 2250 sagimine
1031 2169 1092 2228 deco

96 2267 158 2320 otae
167 2258 197 2340 ²).
252 2260 336 2335 Quod
358 2261 439 2319 Prior
460 2279 526 2319 mox
552 2261 673 2319 odoratu
696 2261 910 2336 deprehendens
921 2259 956 2339 2),
977 2254 1093 2318 comedere

94 2347 192 2422 uoluit,
212 2344 297 2425 noni)
320 2354 416 2406 tamen
433 2347 605 2406 monachum
622 2349 818 2406 comedentem
838 2349 990 2424 prohibuit
1026 2343 1094 2402 Finito

93 2434 222 2509 prandio,
245 2452 310 2491 cum
330 2434 408 2508 loqui
429 2441 554 2509 possent,
576 2430 646 2492 dixit
667 2434 861 2494 Godcscalcus
879 2435 981 2494 Priori:
1002 2431 1096 2490 Domine

94 2521 183 2596 Prior,
205 2538 292 2596 quare
313 2539 370 2579 non
393 2522 555 2580 comedistis
578 2522 612 2580 de
634 2521 790 2581 artocreis?
833 2521 927 2580 Valde
952 2523 1023 2580 enim
1040 2519 1099 2576 erant

94 2606 226 2687 bonao⁵).
269 2608 428 2684 Respondit
448 2609 510 2666 ille:
538 2609 603 2667 Non
632 2611 734 2667 mirum
763 2611 786 2667 si
808 2608 893 2667 valde
918 2615 997 2667 erant
1016 2607 1099 2670 bonae,

93 2698 160 2769 quia
174 2696 258 2754 valde
280 2697 353 2754 berre
369 2703 449 2754 crant
471 2699 664 2770 sagiminatae.
696 2696 734 2753 Et
755 2713 853 2771 quare,
874 2697 973 2770 inquit,
992 2694 1042 2752 hoc
1058 2703 1100 2747 non

92 2784 223 2856 signastis
245 2783 333 2841 mihi?
376 2783 536 2858 Respondit
551 2783 645 2840 Prior:
667 2783 730 2858 Ego
751 2783 829 2840 nolui
850 2784 933 2841 vobis
954 2782 1055 2841 auferre
1071 2776 1101 2835 d·

92 2868 161 2927 bum
184 2876 317 2928 vestrum.
366 2870 460 2928 Nolite
490 2871 661 2942 contristari,
695 2872 762 2944 quia
789 2872 949 2945 ignorantia
981 2863 1103 2927 excusabit

93 2972 153 3013 vos.
197 2956 266 3013 Erat
288 2959 362 3014 enim
383 2958 459 3014 idem
480 2956 585 3014 Daniel
606 2959 649 3014 vir
671 2956 807 3029 literatus,
830 2963 858 3013 et
879 2963 945 3015 ante
961 2953 1103 3015 conversio-

92 3058 158 3098 nem
187 3042 387 3100 Scholastieus
437 3041 640 3102 NOVICIUS:
663 3043 729 3101 Non
761 3046 846 3101 miror
882 3042 959 3117 quod
993 3036 1104 3100 monachi

93 3127 262 3201 quandoque
292 3129 468 3203 decipiuntur
498 3132 527 3186 in
555 3132 692 3205 sagimine
726 3137 754 3188 ct
782 3131 909 3188 carnium
939 3127 1105 3205 pinguedine3

91 3213 143 3272 sed
165 3216 241 3288 quod
261 3222 320 3272 tarn
350 3217 490 3290 simplices
513 3224 579 3274 sunt
600 3218 695 3291 aliqui,
718 3217 795 3292 qnod
816 3219 845 3273 in
867 3234 969 3292 grossa
990 3216 1106 3274 substan·

92 3303 139 3373 tia,
160 3302 189 3358 id
212 3309 269 3374 ost,
290 3305 320 3359 in
341 3304 409 3377 ipsis
433 3305 564 3362 comibus
586 3304 684 3362 seduci
693 3298 713 3381 ⁶)
735 3309 870 3378 possunt,
904 3306 973 3361 satis
995 3303 1108 3360 admiror.

89 3386 323 3448 MONACHUS:
356 3391 430 3448 Puto
460 3391 514 3448 hoc
548 3391 718 3465 quandoque
747 3391 808 3448 fieri
836 3397 951 3464 propter
980 3391 1109 3448 caritatem

88 3477 313 3534 ministrantium.
368 3476 440 3535 Cum
455 3484 583 3554 ,sanctus
617 3477 794 3552 Theophilus
822 3476 1032 3535 Alexandrinus
1052 3474 1110 3549 Epi·

26 3640 29 3645 ·
106 3611 136 3678 1)
154 3610 195 3663 Bo
213 3611 379 3662 Danielem
398 3611 557 3662 Abbatem
576 3611 765 3664 Soonaviae.
784 3642 814 3650 -
834 3611 866 3678 2)
885 3610 926 3662 Bc
944 3619 969 3661 et
986 3626 1017 3676 pr
1032 3609 1054 3660 A
1070 3623 1112 3675 ap·

137 3683 264 3747 posita
285 3710 315 3719 —
334 3690 486 3732 artocrca
507 3711 537 3720 -
563 3679 708 3732 decocta.
728 3712 759 3720 -
779 3683 809 3748 3]
828 3680 849 3731 D
873 3683 1070 3747 percipiens.
1087 3705 1111 3715 -

154 3751 186 3834 l)
205 3750 246 3801 BD
264 3767 374 3875 Hea-
390 3752 422 3819 5)
439 3750 459 3802 B
479 3760 504 3801 et
522 3752 587 3817 prA
604 3751 696 3816 bona3
714 3754 750 3803 sic
768 3760 793 3802 et
811 3750 886 3819 paulo
904 3758 970 3819 post.
983 3779 1013 3789 -
1033 3749 1064 3819 6)
1080 3743 1113 3800 BG

147 3837 256 3890 prese
286 3839 348 3876 uer.
