2438 4170
141 232 202 291 150
451 227 680 292 DISTINOTIO
705 227 855 290 TERTIA

459 386 691 448 carmenum
711 348 862 446 xxrim.

188 525 335 584 Narratio
357 525 449 602 leupo
470 532 499 586 et
519 528 599 585 utilio
621 526 656 585 cte
677 526 797 586 Simone
818 540 957 584 converso
978 522 1016 583 de
1035 523 1127 597 Alere,
1177 496 1182 523 ¹

503 617 621 689 eiusque
637 613 809 689 prophetiis.

203 768 268 828 Non
291 774 334 828 est
355 766 412 843 diu,
435 766 513 844 quod
534 768 692 828 monachus
714 767 831 845 quidam
852 773 1006 844 peccatum
1027 764 1168 843 quoddam

138 857 339 933 gravisumum
350 852 366 935 ¹)
396 855 544 915 confessus
566 862 609 915 est
629 856 721 915 Priori
744 872 811 932 suo;
840 854 892 915 sed
914 857 996 914 cuius
1016 854 1103 915 lirerit
1119 869 1168 931 ge·

138 945 213 1002 neris
233 942 310 1001 idem
337 949 502 1018 peccatum,
528 945 628 1018 ignoro
637 938 667 1022 ²).
711 941 805 1018 Quem
826 959 892 1001 cum
911 941 995 1001 Prior
1015 939 1167 1017 secundum

139 1029 373 1089 consuetudinem
399 1032 540 1089 remittere
561 1029 649 1089 vellet
676 1028 715 1087 ad
742 1028 906 1103 Abbatem,
934 1045 992 1088 non
1022 1028 1166 1103 acquievit

138 1115 221 1175 Prior
241 1133 310 1176 vero
337 1134 403 1175 cum
422 1115 535 1191 pondus
557 1115 646 1175 auditi
666 1119 777 1191 peccati
799 1116 877 1175 solus
898 1121 1015 1191 portare
1036 1116 1167 1190 nequiret,

139 1210 169 1262 et
190 1203 348 1262 monachus
369 1205 429 1262 eius
451 1202 567 1261 consilio
589 1205 682 1261 minus
704 1205 912 1277 acquiesceret,
942 1219 978 1261 ex
999 1203 1090 1261 nimia
1108 1201 1167 1261 aui·

138 1292 178 1348 mi
205 1292 347 1349 moestitia
375 1305 493 1365 corpore
520 1291 668 1348 tabescere
696 1291 798 1365 coepit.
844 1287 1012 1366 Intelligens
1040 1288 1098 1348 hoc
1121 1302 1168 1364 ptr

137 1376 273 1451 Spiritum
293 1382 424 1437 sanctum
444 1376 530 1435 irater
539 1375 638 1435 Simon
660 1374 695 1436 de
710 1370 817 1454 Arnas)
840 1391 997 1435 conversus
1011 1375 1087 1435 bene
1105 1373 1168 1457 milri
1203 1452 1206 1459 Ι

54 1490 61 1505 ,
138 1469 240 1539 notus„
255 1463 325 1522 dixit
336 1464 440 1522 Priori:
461 1463 595 1537 Domine,
616 1462 684 1537 quid
704 1459 866 1542 habenae?
888 1469 920 1521 ut
942 1461 1013 1538 quid
1033 1463 1075 1521 sie
1095 1478 1167 1521 mar·

138 1549 271 1611 cescitis'?
292 1549 495 1626 Respondente
515 1549 579 1608 illo:
601 1544 702 1608 Tristis
716 1542 850 1626 sum3'ait
866 1548 979 1608 Simon:
1001 1548 1099 1609 Nolite
1111 1554 1167 1609 terr·

137 1637 208 1696 bari.
252 1637 376 1697 Causam
397 1639 526 1696 tristitiae
547 1642 659 1696 restrae
681 1637 755 1695 bene
776 1639 852 1710 novi,
877 1637 906 1693 in
927 1636 1012 1695 brevi
1032 1635 1167 1707 Dominus

136 1741 190 1784 vos
219 1725 419 1784 consolabitur.
461 1721 669 1798 Accedensque
698 1722 735 1781 ad
764 1721 938 1782 monachum
965 1722 1050 1781 dixit:
1079 1721 1168 1799 Quare

136 1828 195 1870 non
217 1812 358 1871 confiteris
386 1817 538 1887 peccatum
559 1816 640 1869 tuum
660 1808 772 1868 Abbati
792 1808 865 1868 tuo?
893 1809 976 1869 Deus
998 1809 1070 1867 mihi
1090 1824 1168 1869 reve-

137 1897 208 1957 lavit
231 1899 316 1973 illud,
339 1899 413 1957 etsi
439 1914 498 1957 non
525 1898 612 1956 irrerie
640 1897 786 1956 confessus
812 1895 908 1955 debito
937 1895 1042 1972 modo,
1070 1912 1126 1973 ego
1143 1900 1170 1955 tc

136 1983 264 2060 prodam.
306 1984 359 2044 llle
387 1985 517 2044 conversi
544 1985 724 2042 sanctitatem
755 1999 813 2041 non
840 1974 988 2058 ignorans,
1016 1985 1112 2060 magis
1138 1997 1170 2043 ex

135 2073 245 2145 timore,
267 2088 354 2146 quam
375 2087 411 2129 ex
424 2069 575 2130 deuotione
596 2063 748 2145 peccatum
768 2069 879 2128 Abbati
900 2070 1048 2130 confessus
1070 2074 1124 2146 est,
1141 2074 1170 2129 et

136 2154 219 2216 Prior
246 2159 283 2217 ab
309 2159 440 2233 angustia
464 2157 601 2215 liberatus
625 2162 676 2214 est.
718 2154 920 2216 NOVIGIUS:
953 2156 1077 2217 Videtur
1104 2155 1169 2215 mihi

136 2245 252 2303 viriste
273 2246 402 2319 spiritum
423 2244 529 2303 habere
550 2243 716 2319 prophetiae
726 2240 755 2323 ⁵).
798 2241 1036 2304 MONACHUS:
1057 2242 1169 2305 Revera

136 2332 265 2406 spiritum
298 2330 387 2389 habet
412 2330 594 2406 prophetiae,
623 2333 647 2389 ei
675 2336 772 2389 tamen
800 2329 895 2389 adhuc
924 2332 1010 2405 vivit,
1040 2332 1117 2391 sicut
1136 2347 1169 2391 cx

135 2414 348 2498 sequentibnst)
378 2434 544 2494 cognosces.
587 2417 723 2476 Notarius
752 2416 869 2491 qnidam
890 2417 1040 2485 Romanae
1062 2419 1169 2492 curiae,

136 2519 201 2563 cum
222 2504 345 2564 eundem
364 2504 479 2563 fratrem
496 2503 641 2564 Simonem
663 2521 699 2563 ex
719 2503 873 2563 multorum
894 2504 1034 2564 relatione
1055 2504 1170 2565 didicis

135 2598 179 2650 set
206 2594 335 2668 spiritum
363 2591 469 2651 habere
497 2591 676 2667 prophetiae,
705 2589 843 2650 desiderio
876 2591 993 2650 videndi
1021 2608 1105 2668 eum,
1133 2590 1169 2651 ab

134 2675 212 2738 Urbe
234 2681 362 2738 venitin
384 2677 461 2738 Alna
482 2680 700 2751 monasterium,
728 2677 828 2736 volens
856 2677 905 2735 illo
927 2685 1079 2752 praesente
1101 2694 1170 2755 pec-

134 2772 198 2825 oata
220 2784 273 2825 sua
299 2766 440 2840 confiteri,
469 2783 586 2841 sperans
608 2766 644 2823 ab
669 2781 703 2823 eo
726 2766 842 2840 corrigi,
871 2765 895 2823 ei
917 2764 1025 2845 aliquid
1054 2768 1171 2825 omitte-

133 2858 189 2928 ret;
212 2854 338 2927 animari,
359 2854 487 2911 siminus
500 2852 583 2928 plene
607 2851 720 2910 diceret.
764 2851 857 2926 Quem
879 2867 945 2909 cum
966 2869 1025 2911 non
1042 2853 1170 2912 invenis·

134 2944 179 2997 set
206 2940 236 2996 in
265 2940 397 3012 abbatia,
427 2939 529 2998 ductus
559 2945 603 2998 est
622 2935 680 3019 in⁷)
703 2940 851 3014 grangiam
874 2939 1002 2997 eiusdem
1025 2939 1170 3013 coenobii,

135 3041 210 3101 quae
238 3022 406 3104 colemiesr)
435 3032 569 3099 vocatur,
595 3026 625 3083 in
654 3042 711 3099 qua
737 3025 784 3084 illc
805 3027 941 3100 magister
962 3030 1033 3084 erat.
1076 3025 1170 3101 Quem

132 3128 200 3169 mox
220 3117 253 3169 ut
273 3112 359 3169 frater
372 3110 471 3170 Simon
485 3114 617 3186 respexit,
640 3129 756 3171 causam
777 3111 918 3170 adventus
941 3113 1002 3171 eins
1023 3112 1171 3187 intellexit,

132 3203 161 3256 et
181 3199 236 3257 ait:
258 3198 391 3272 Domine,
414 3205 577 3273 exspectate
589 3215 636 3258 me
657 3198 719 3274 hic;
742 3201 886 3274 egoenim
906 3199 955 3257 ibo
977 3215 1030 3273 pro
1051 3201 1169 3277 negotio

149 3385 179 3453 l)
197 3383 217 3436 B
235 3391 399 3451 peccatum
417 3385 644 3452 gravissimum
662 3383 829 3452 quoddam,
847 3383 867 3436 G
883 3391 1053 3451 peccatum
1071 3383 1169 3453 qnod·

199 3453 283 3517 dam,
300 3453 321 3504 D
340 3463 504 3520 peccatum
527 3456 763 3521 gravissimum.
784 3483 816 3492 ·-
834 3454 866 3521 2]
885 3454 905 3507 C
922 3455 1053 3520 penitus
1075 3456 1169 3523 igno-

198 3539 242 3575 ro.
261 3553 293 3562 -
312 3523 343 3590 3)
361 3522 434 3585 Aina,
452 3522 569 3587 hulne,
587 3523 687 3575 abbatia
705 3523 853 3575 Brahantiae
872 3538 951 3590 propo
968 3523 1089 3590 oppidum
1108 3524 1168 3577 'l'ul-

198 3609 271 3655 num3
289 3592 348 3644 vide
365 3592 407 3653 lV,
425 3593 466 3642 54.
487 3621 517 3630 -
537 3594 569 3660 4)
587 3593 607 3646 G
624 3593 757 3645 habetis
780 3593 810 3643 in
837 3592 942 3644 corde.
962 3621 994 3630 —
1013 3594 1045 3660 5)
1063 3593 1083 3646 G
1102 3595 1168 3662 spl-

197 3664 296 3715 ritum
313 3660 512 3729 prophetiae
530 3662 695 3714 hahuisse.
715 3692 745 3702 —
765 3662 797 3728 6)
816 3661 856 3713 CD
875 3663 1167 3730 consequentibus.

199 3763 230 3772 -
249 3731 368 3799 i)Gin
395 3730 560 3798 quandam.
580 3761 611 3772 —
639 3733 671 3801 8]
691 3732 709 3785 P
727 3730 887 3784 Gelenius.
922 3731 1006 3784 Verba
1032 3748 1115 3802 qnae
1134 3762 1165 3773 —

197 3809 335 3856 vocetur
352 3816 394 3854 om
410 3799 484 3853 ΑΒΗ.
