2438 4170
402 234 459 295 DE
480 230 757 295 CONFESSIONE.
1036 236 1094 293 147

402 442 634 504 GAPI'PULUM
653 442 759 503 XXX

30 566 92 629 De
115 563 256 638 Aetate,
278 567 330 641 qui
344 573 516 641 persecutus
537 572 580 625 est
599 566 786 639 menaehem,
808 580 842 623 eo
864 564 946 641 quod
967 582 1003 624 es
1024 581 1095 625 corr·

118 653 260 731 sessione
281 653 435 712 cuiusdam
456 654 649 727 intellexisset,
670 653 755 711 illum
776 654 848 711 scire
868 670 925 711 sua
945 655 1026 711 vitiu.

115 806 232 869 Abbas
253 807 370 885 quidam
390 807 427 868 de
448 808 571 868 claustro
592 808 663 866 mihi
683 809 758 868 bene
789 813 873 883 noto,
906 807 942 867 de
970 808 1096 883 quodam

37 896 124 959 vitio
149 902 272 955 notatus
292 896 352 954 fuit.
394 896 451 955 Per
472 894 622 955 cuiusdam
641 895 774 955 monachi
787 898 832 954 sui
848 891 864 974 ι)
887 895 1096 955 confessionem

40 1000 122 1045 eum
144 982 345 1057 intellexisset„
365 983 424 1042 hoc
442 982 529 1041 alium
551 981 694 1058 quendam
708 985 787 1057 scire,
810 982 922 1041 diabolo
933 985 1095 1058 instigante,

43 1072 157 1147 eoepit
180 1086 248 1130 eum
269 1070 380 1129 occulte
400 1071 548 1145 persequi,
570 1071 673 1128 timens
695 1070 732 1128 ab
755 1086 789 1128 eo
811 1072 840 1127 in
861 1072 1021 1128 visitatione
1043 1087 1094 1130 ae·

45 1159 165 1219 meari.
207 1155 248 1215 Et
278 1174 344 1216 eum
373 1155 454 1215 illum
481 1158 592 1215 mittere
618 1155 706 1215 vellet
737 1156 774 1214 ad
807 1155 952 1231 quendam
980 1156 1095 1215 domum

47 1250 215 1319 remotam,
234 1246 331 1303 nescio
353 1243 422 1319 quid
442 1242 632 1319 praetendens
656 1245 812 1302 occasionis
821 1241 850 1323 ²),
871 1243 917 1301 ille
939 1244 1012 1302 bene
1024 1261 1095 1303 con·

50 1330 193 1392 sidereus
215 1346 331 1389 eausam
352 1331 565 1406 persecutionis,
586 1330 732 1405 respondit
741 1329 864 1389 Abbati:
886 1331 1018 1405 Domine,
1040 1331 1094 1390 do-

51 1434 142 1479 mum
164 1432 261 1476 meam
281 1434 339 1477 non
361 1415 501 1492 demensi,
534 1418 557 1475 si
585 1416 672 1476 vultis
699 1434 746 1475 me
777 1419 887 1476 mittere
916 1417 953 1476 ad
975 1423 1095 1476 matrem

52 1500 232 1584 assuant),
250 1504 314 1581 ibo;
335 1505 498 1578 sinautem,
519 1503 706 1562 visitatorem
725 1504 772 1562 hic
790 1505 972 1579 exspectabo.
1014 1506 1094 1563 Bene

56 1592 193 1665 serebat,
215 1592 282 1666 quia
301 1587 398 1670 illuc⁴)
421 1607 487 1649 eum
507 1607 565 1647 non
586 1592 718 1666 mitteret,
739 1608 776 1649 ne
797 1590 869 1649 forte
892 1589 1037 1665 detegeret
1058 1590 1093 1650 de

58 1694 122 1755 quo
143 1677 273 1736 timebat
315 1676 398 1736 Haec
418 1675 590 1737 mihirelata
605 1683 704 1735 sunta
719 1675 843 1750 quodam
865 1680 975 1735 seniore
993 1678 1094 1736 domus
1123 1744 1127 1749 ,
1199 1688 1209 1699 “

58 1764 141 1825 illius
162 1764 193 1821 in
215 1780 272 1839 qua
293 1766 478 1840 contigerunt
521 1762 553 1823 Si
565 1762 669 1821 Abbas
689 1765 743 1822 iste
764 1769 825 1822 tam
847 1763 916 1822 dure
929 1770 1095 1839 persecutus

60 1856 110 1915 est
128 1850 276 1910 hominem
296 1852 490 1924 innocentem,
523 1849 667 1926 quomodo
695 1853 827 1927 persequi
848 1851 968 1909 haberet
982 1848 1001 1931 ⁵)
1024 1867 1094 1910 con-

59 1935 256 2015 spiratorem?
299 1936 398 1997 Cernis
418 1936 538 2013 qualiter
564 1944 683 2012 uterque
710 1938 883 2013 periclitatus
911 1940 962 2013 sit,
993 1936 1095 1998 Abbas

60 2022 280 2103 persequendo,
311 2025 470 2084 monachus
497 2026 671 2101 gravissimis
699 2025 901 2085 tentationibus
930 2025 1095 2086 laborando.

61 2108 270 2173 NOVIOIUS:
290 2110 372 2171 Licet
392 2113 421 2170 in
442 2111 538 2187 aliquo
551 2128 621 2171 casu
636 2112 779 2171 confitenti
792 2129 943 2189 personam
953 2110 1095 2193 prodere)

62 2196 204 2259 nunus?
244 2196 478 2258 MONACHUS:
510 2198 557 2257 De
583 2198 639 2258 hoc
667 2217 686 2258 a
714 2217 760 2258 me
787 2201 939 2274 requisitus
961 2203 1096 2276 magister

62 2284 250 2346 Hennannus
270 2285 405 2344 Decanus
426 2286 599 2360 Bonnensis,
631 2289 675 2345 vir
695 2286 859 2345 literaturae
880 2304 1018 2362 magnae,
1046 2304 1094 2347 re·

63 2370 198 2449 spondit:
229 2370 261 2431 Si
286 2372 352 2432 talis
379 2389 503 2448 persona
529 2368 626 2447 fucrit,
660 2372 695 2431 de
726 2390 784 2448 qua
806 2378 916 2432 constet
937 2373 1095 2448 confitenti,

63 2459 149 2535 quod
166 2464 318 2535 peccemm
340 2476 489 2518 commune
511 2459 637 2518 confiteri
657 2460 785 2535 noluerit,
806 2462 881 2520 bene
903 2477 966 2519 eam
976 2460 1096 2535 prodere

65 2545 169 2621 debet,
199 2561 236 2606 ne
263 2546 386 2606 tacendo
413 2552 520 2623 pereat
562 2546 609 2605 De
629 2548 686 2607 hoc
717 2547 786 2605 mihi
814 2546 910 2606 retulit
935 2547 1095 2623 exemplum

63 2632 139 2693 utile
157 2633 237 2693 sotis

393 2838 625 2900 CAPITULUM
645 2839 765 2899 XXXI.

106 2960 197 3039 Quod
215 2962 302 3022 licem
322 2965 354 3021 ln
375 2964 476 3038 aliquo
498 2980 570 3021 casu
590 2962 737 3038 ceerfitentt
753 2961 881 3036 prodere
907 2980 1065 3038 personum

289 3049 419 3124 almus,
442 3056 469 3108 et
490 3051 653 3124 exemplum
675 3049 712 3107 de
733 3049 887 3108 odrelterio.

136 3202 211 3264 cm
231 3220 333 3280 essem,
353 3206 452 3281 inquit,
472 3204 612 3280 plebanus
633 3203 713 3280 apud
734 3212 865 3264 sanetum
881 3206 1100 3266 ParvumMar·

67 3292 162 3351 tinum
181 3291 213 3349 in
234 3290 365 3366 Goloida,
395 3291 512 3367 quidam
533 3309 569 3351 ox
589 3291 770 3367 parochianis
791 3294 862 3351 meis
883 3296 926 3352 vir
946 3293 1100 3369 honestus,

69 3394 140 3439 eum
160 3376 207 3437 die
228 3376 352 3454 quadam
374 3379 523 3437 cuiusdam
545 3381 670 3438 concivis
693 3385 721 3436 et
741 3381 825 3438 amici
845 3382 890 3437 sui
912 3381 1029 3439 domum
1051 3398 1100 3441 so-

68 3463 118 3523 lus
136 3465 278 3539 mosset,
298 3471 328 3524 et
348 3482 467 3525 uxorem
487 3464 561 3525 illius
583 3465 676 3525 solam
696 3466 725 3522 in
745 3467 880 3542 gradibus
901 3468 996 3527 solarii
1016 3486 1102 3545 repe-

89 3666 123 3734 1)
140 3666 190 3719 sui
206 3680 248 3717 orn
264 3664 313 3719 BG.
332 3696 362 3707 —
381 3667 413 3736 2)
431 3667 450 3719 P
468 3669 700 3719 accusationis.
719 3697 750 3707 —
768 3670 800 3737 3)
818 3669 866 3721 hoe
883 3679 931 3736 est,
947 3670 1103 3725 cistercium.

142 3732 305 3803 nciliis.
323 3766 355 3777 -
382 3736 452 3804 5)c
477 3745 752 3806 persequeretur,
778 3741 804 3790 si
830 3739 980 3805 haberet3
1006 3742 1102 3796 moxB

143 3818 200 3871 per
216 3807 481 3874 conspiratorem.
501 3837 532 3847 -
552 3808 584 3879 6)
600 3807 641 3860 ΒΡ
659 3806 802 3879 prodere
818 3825 1010 3881 personam.
