2438 4170
91 120 154 184 aen
406 119 635 184 ursrmouo
657 119 824 199 oureus

91 242 194 306 eadem
213 244 338 303 maxime
359 242 568 320 inardesceret,
590 244 754 320 simpliciter
771 248 805 304 'ct
824 241 910 304 valde
931 243 1100 321 confidenter,

90 348 163 393 voce
185 333 255 390 satis
278 331 364 405 clara,
386 332 460 390 sicut
481 330 600 390 edoctus
620 331 728 407 iirerat,
751 337 850 392 eontra
872 331 1031 392 daemonem
1047 331 1103 393 cla·

90 420 181 478 mavit
202 418 314 477 dicens:
335 417 468 492 Diabole,
491 418 635 477 confessor
655 435 736 478 meus
757 420 898 494 praecipit
907 419 966 494 tibi,
985 425 1014 478 ut
1022 432 1105 479 cesset

90 522 138 565 me
159 511 278 565 tentare.
320 503 396 562 Mira
416 506 506 562 virtus
529 505 720 564 confessionis.
762 504 813 564 Ad
833 506 909 565 hanc
929 523 1025 566 vocem
1046 504 1107 565 diu·

90 591 184 666 bolus,
207 594 320 668 spiritus
341 590 474 650 videlicet
494 591 694 665 fornicationis,
716 592 851 651 confusus
865 592 944 669 fugit,
966 599 993 652 et
1001 590 1107 652 tentatio

90 680 234 739 aiuvene
256 680 387 738 cessavit.
429 676 632 737 NOVICIUS:
659 677 743 738 Unde
764 679 872 756 habes,
900 679 976 754 quod
1001 678 1108 739 unedo

90 764 215 825 talis‘sit
236 783 254 825 a
276 763 411 824 diabolo?
444 763 677 824 MONACHUS:
699 763 858 841 Apostolus
869 767 1009 825 stimulum
1025 765 1110 824 carnis

90 851 217 928 appellat
238 852 372 927 angelum
393 851 532 926 Satanae,
564 869 598 911 eo
621 851 697 926 quod
719 854 813 928 ipsum
835 856 940 913 excitet
960 859 988 912 et
1005 852 1111 910 influm-

90 934 186 1017 met').
229 937 429 999 NOVICIUS:
451 936 605 1013 Utaudio,
629 940 768 998 confessio
791 946 893 1000 contra
914 941 1002 998 carnis
1020 943 1112 998 teum·

90 1031 188 1086 menta
203 1026 325 1083 multum
347 1031 391 1084 est
411 1028 580 1084 necessaria.
611 1024 847 1086 MONACHUS:
869 1026 916 1085 De
937 1025 1057 1086 hocsetis
1080 1023 1111 1082 iu

90 1112 327 1188 praecedentibus
349 1112 455 1171 dictum
478 1118 534 1186 cst,
566 1114 594 1170 in
618 1112 796 1172 distinctione
818 1114 908 1188 ipsius
931 1111 1111 1171 consessionis

90 1200 126 1257 In
148 1199 324 1258 consessione
346 1201 427 1258 enim
441 1201 552 1274 pcccati
573 1200 661 1258 fomes
683 1200 861 1275 debilitatur,
887 1202 1003 1258 tentatio
1022 1198 1111 1257 cessat

90 1285 139 1345 vel
159 1291 340 1360 temperatur,
361 1288 454 1361 gratia
474 1292 682 1362 augmentatur,
705 1286 843 1346 confitens
866 1286 987 1346 consiliis
1005 1287 1109 1344 anima-

90 1379 145 1447 tur,
166 1371 296 1449 diabolus
319 1372 497 1431 confunditur
519 1378 547 1430 et
568 1379 727 1431 enervatur.
771 1373 845 1431 Cum
867 1373 923 1432 alio
936 1372 1026 1431 itidem
1036 1377 1108 1430 tcm-

91 1476 161 1536 pore
182 1459 362 1534 supradictus
383 1458 541 1518 monachus
568 1459 637 1518 dure
666 1463 734 1518 satis
763 1459 865 1518 eadem
891 1462 1037 1519 tentatione
1053 1472 1106 1516 ve·

35 1549 46 1572 ²
90 1552 214 1620 xaretur,
235 1546 405 1620 supradictis
427 1547 530 1619 verbis,
552 1564 588 1605 ex
609 1545 725 1604 consilio
747 1549 792 1604 sui
813 1545 968 1607 sacerdotis
976 1543 1010 1626 ²),
1028 1545 1104 1604 etiam

91 1633 147 1692 hoc
168 1632 284 1691 adiecit:
315 1632 390 1708 Quid
418 1649 465 1690 me
492 1650 596 1706 vexas,
630 1632 806 1692 odiabole?
849 1628 915 1693 Non‘
941 1633 1036 1709 poteris
1060 1643 1103 1686 mo

90 1719 156 1795 plus
178 1723 302 1794 tentare,
324 1737 411 1794 quam
432 1725 460 1778 te
481 1722 639 1794 permiserit
659 1720 809 1778 Dominus.
853 1722 921 1796 Ipse
942 1726 983 1780 est
1002 1716 1100 1778 etDo·

90 1809 183 1864 minus
205 1812 280 1864 tuus.
324 1805 379 1881 Qui
401 1807 608 1871 statimlevius
629 1804 690 1887 se³)
713 1809 816 1881 sensit,
844 1811 913 1883 quia
942 1809 1042 1882 spiritus
1061 1799 1100 1859 ille

90 1893 230 1968 superbus
252 1891 365 1968 pondus
386 1891 495 1974 vorbil)
518 1911 601 1952 suam
633 1893 784 1953 elationem
807 1894 987 1971 deprimentis
1005 1894 1098 1970 portare

90 1996 147 2038 non
168 1982 269 2055 potuit.

406 2170 637 2231 omruuuuu
658 2158 804 2252 notor)

171 2293 219 2351 De
241 2293 449 2352 icatuticuidus
470 2296 620 2367 monoclo',
643 2298 694 2369 qui
715 2295 874 2354 resistendo
896 2309 1026 2354 coronam

444 2384 552 2439 noeroit
573 2383 760 2456 irrrpoec'olom.

153 2516 236 2575 Alter
266 2517 383 2592 quidam
411 2519 585 2592 monachus,
613 2520 683 2592 isto,
712 2518 747 2576 dc
776 2536 832 2593 quo
854 2522 913 2578 iam
935 2519 1028 2578 dietum
1045 2513 1083 2579 estc

89 2609 183 2664 aetate
196 2607 340 2679 maturior,
363 2611 391 2663 ot
407 2608 436 2663 iu
451 2607 632 2663 observantia
646 2606 787 2681 roligionis
809 2606 968 2681 ferventior,
989 2598 1082 2677 aspllit

88 2690 217 2750 luxuriae
246 2692 396 2750 multifarie
425 2692 578 2766 multisque
600 2689 721 2771 modis⁵)
744 2699 773 2750 ct
795 2693 872 2750 duris
893 2691 1081 2769 impugnabatur·

89 2777 229 2852 Tempore
253 2779 391 2853 quodam,
420 2796 486 2836 cum
509 2786 584 2837 esset
604 2782 633 2836 in
654 2779 828 2838 infirmitorio
838 2774 875 2860 ⁶),
903 2788 932 2839 et
954 2780 1024 2838 dictis
1039 2784 1081 2829 ut·

89 2866 185 2922 tutinis
214 2867 243 2920 in
272 2866 376 2940 angulo
405 2865 519 2924 claustri
541 2872 619 2924 stans
640 2869 753 2924 veniam
774 2873 886 2941 peteret
906 2886 970 2925 cum
989 2857 1082 2938 angelii

89 2950 266 3024 salutatione,
290 2952 419 3010 diabolus
431 2959 496 3028 post
510 2959 621 3028 tergum
634 2955 693 3011 eius
708 2955 834 3028 venicus,
856 2957 986 3030 sagittam
998 2949 1082 3027 ignium

88 3043 155 3111 post
176 3055 242 3095 eum
265 3037 379 3112 direxit,
400 3041 440 3097 ita
461 3047 493 3097 ut
513 3040 590 3098 illam
612 3039 768 3098 monachus
790 3041 901 3099 videret
920 3044 996 3098 iuxta
1014 3028 1082 3095 otul⁰⁵

89 3140 156 3181 suos
171 3124 299 3199 volitare,
321 3126 472 3201 fulgurare,
495 3134 523 3184 et
538 3145 572 3185 ex
590 3130 802 3201 repercussione
824 3130 939 3202 parietis
960 3119 1083 3186 semilut

90 3208 182 3284 Quem
206 3228 271 3269 eum
293 3215 333 3270 sie
356 3219 459 3272 terrere
481 3231 538 3272 non
559 3220 671 3289 posset,
693 3231 786 3289 neque
807 3215 906 3290 fugare
927 3232 946 3273 a
966 3214 1021 3272 loco
1038 3217 1082 3264 ora·

107 3343 138 3413 l)
156 3344 212 3396 Cor.
238 3345 273 3409 ll,
298 3347 344 3408 12,
369 3348 393 3398 7.
413 3378 444 3386 —
468 3348 499 3413 2]
518 3348 558 3399 BC
582 3349 793 3400 confessoris.
821 3379 853 3387 -
881 3348 912 3415 3]
939 3364 971 3399 se
994 3330 1082 3395 anstai

157 3415 272 3466 omnibus
289 3415 366 3466 libris.
379 3444 408 3455 —
428 3417 460 3484 4)
478 3418 498 3470 C
515 3418 607 3469 verbi
625 3421 683 3470 sui.
696 3449 727 3457 -
746 3419 778 3486 u)
796 3418 886 3470 Homil.
904 3418 923 3468 l.
940 3433 964 3484 p.
982 3416 1018 3466 98.
1029 3438 1050 3450 -
1062 3401 1083 3484 ᾗ)

158 3484 206 3535 vit.
226 3487 250 3536 S.
264 3485 383 3536 Bernurd.
403 3487 432 3548 V,
450 3487 474 3536 2.
493 3504 518 3553 p.
537 3488 601 3538 946:
622 3504 693 3552 „nam
712 3496 738 3537 el
750 3487 914 3556 usquemodo
936 3481 1083 3539 nutrirent

157 3553 332 3621 multisque
351 3555 454 3605 modis
472 3566 590 3622 paternus
605 3573 665 3625 erga
683 3550 747 3608 filios
760 3574 830 3610 amor
849 3588 880 3596 -
899 3551 1084 3626 corumdignlfl11

157 3623 232 3675 solari
256 3625 394 3676 lacrimas.“
414 3624 485 3677 Coui.
504 3627 575 3679 Caes.
594 3627 682 3680 llomil.
701 3628 741 3680 lll.
760 3645 785 3696 p.
806 3629 862 3680 140.
882 3638 912 3667 -·-
935 3626 966 3694 6)
981 3623 1000 3677 Β
1014 3615 1084 3673 illst·

156 3697 307 3762 materis,
324 3694 344 3747 P
361 3697 516 3748 oratorio.
