2438 4170
427 215 482 277 DE
506 212 779 277 CONFESSIONE.
1062 217 1121 276 133

428 373 660 434 CAPITULUM
680 372 780 432 XVII.

71 493 150 553 item
176 495 220 554 dc
251 495 349 554 &cem
370 497 519 555 haereticis
541 496 624 571 apud
636 490 861 571 Arpentiuaml)
896 495 1072 552 admittetis
1094 499 1122 552 et

71 581 255 656 mnrbeoeiis,
271 584 400 658 quorum
411 602 490 641 auus
508 583 579 640 dum
591 590 660 640 essct
666 601 723 657 per
733 581 941 657 confessionem
951 587 1076 638 sauctus
1087 596 1123 638 cc

166 669 336 743 liberatus,¹
343 689 401 745 per
421 671 572 728 mulierem
594 670 736 744 deceptus,
757 669 887 727 redi¹oico
904 667 1037 725 incendio

494 756 654 815 damnatus
678 763 727 814 cai.

143 876 268 937 Decem
288 877 423 937 haeretici
443 879 471 934 in
485 873 586 936 eadem
597 880 720 951 civitate,
743 873 1027 951 scilicetArgentina,
1050 890 1124 948 quae

71 969 123 1021 est
145 963 321 1040 Strazburg,
343 964 539 1039 comprehensi
560 971 634 1022 sunt.
679 963 817 1039 Quicum
838 969 984 1038 negarent,
1005 978 1056 1036 per
1077 963 1123 1018 iu-

72 1048 194 1109 dicium
217 1051 365 1110 candentis
385 1051 450 1110 ferri
460 1054 591 1124 convicti,
613 1053 751 1109 sententia
771 1050 893 1108 incendii
914 1056 980 1108 sunt
1001 1049 1123 1106 damna·

77 1137 112 1194 tt
166 1137 227 1196 Die
261 1145 367 1197 statuto
397 1156 462 1197 cum
484 1139 652 1198 ducerentur
674 1138 711 1196 ad
733 1140 840 1213 ignem,
871 1136 988 1212 quidam
1011 1152 1046 1193 ex
1068 1151 1120 1193 co-

80 1225 257 1284 mitantibus
279 1228 328 1282 uni
349 1225 460 1284 illorum
483 1226 611 1284 dicebat:
632 1224 735 1298 Miser,
758 1224 909 1282 damnatus
932 1241 977 1297 es,
999 1239 1053 1298 age
1075 1220 1123 1280 vel

85 1324 165 1370 nnnc
186 1314 406 1387 poenitentiam,
426 1312 546 1388 peecata
568 1320 618 1370 tna
640 1312 816 1385 confitendo,
849 1328 885 1370 ne
906 1318 972 1385 post
992 1308 1124 1368 incendia

90 1402 224 1473 eorporis,
247 1401 319 1473 quae
342 1407 542 1458 momentanea
564 1405 648 1473 sunt,
671 1401 795 1457 animam
817 1404 896 1456 tuam
917 1399 991 1473 ignis
1012 1395 1123 1473 gehen-

95 1483 166 1543 nalis
186 1485 363 1545 aeternaliter
385 1487 540 1545 comburat.
585 1486 637 1544 Cui
659 1505 724 1545 eum
745 1485 792 1543 ille
815 1485 934 1545 diceret:
967 1483 1123 1542 Considero

101 1586 145 1629 me
162 1569 261 1651 bene²)
284 1589 401 1647 errasse,
423 1573 475 1631 sed
496 1576 582 1632 timeo
604 1575 806 1649 poenitentiam
828 1578 924 1630 tantae
945 1572 1124 1630 necessitatis

107 1658 187 1717 mrim
206 1665 353 1735 acceptam
375 1677 436 1719 esse
458 1660 538 1735 Deo;
561 1659 723 1734 respondit:
744 1660 790 1717 Ex
812 1658 897 1717 corde
918 1653 1029 1716 tanturn
1052 1674 1123 1715 con-

113 1739 184 1819 fitere,
201 1748 357 1806 misericors
380 1753 424 1806 est
443 1747 542 1822 Deus,
567 1754 595 1805 et
607 1743 627 1826 ³)
649 1748 841 1822 poenitentem
863 1747 1005 1820 suscipiet
1048 1743 1124 1802 Mira

116 1843 159 1888 tes.
190 1832 256 1893 Mox
279 1836 353 1893 enim
373 1841 406 1892 ut
425 1833 512 1892 homo
526 1834 670 1892 confessus
693 1839 737 1892 est
757 1832 913 1908 perfidiam,
935 1849 1036 1889 manus
1059 1832 1121 1890 eius

120 1912 208 1988 dmum
225 1923 332 1995 recepit
353 1923 511 1980 sanitatem.
555 1920 698 1979 Tardante
721 1937 755 1978 eo
777 1922 806 1977 in
829 1919 1022 1991 confessione,
1056 1935 1121 1976 cum

85 2020 88 2029 ·
123 2004 224 2066 airiioe
243 2015 393 2067 vocaretur
415 2008 451 2066 ad
473 2025 604 2083 poenam,
627 2008 771 2066 consessor
792 2009 852 2065 eius
875 2002 1121 2084 iudicibrespon-

124 2084 164 2145 lii:
179 2090 233 2152 Non
253 2097 360 2153 iustum
382 2100 434 2168 est,
454 2107 486 2153 ut
507 2096 593 2154 homo
614 2097 750 2153 innocens
773 2094 922 2153 damnetur
941 2095 1053 2150 iniuste.
1085 2091 1121 2150 In

125 2176 182 2235 euim
197 2198 280 2241 manu
301 2181 368 2239 dum
388 2181 497 2239 nullum
518 2185 669 2258 vestigium
702 2183 905 2240 combustionis
937 2181 1120 2255 reperiretur,

125 2255 224 2327 ffibsus
245 2274 296 2327 est
338 2268 473 2327 Habebat
493 2269 569 2328 idem
591 2269 677 2328 horno
699 2286 817 2327 uxorem
839 2285 896 2326 non
916 2266 1002 2343 longe
1031 2285 1049 2325 a
1078 2268 1121 2325 ci-

125 2345 386 2429 terminantem,
417 2356 519 2414 horum
552 2373 625 2430 qnae
657 2356 733 2414 dieta
761 2362 827 2414 sunt
848 2372 963 2430 prorsus
983 2356 1121 2429 ignaram

71 2432 75 2497 i
124 2427 237 2511 lfflqutrm
258 2459 324 2501 cum
343 2444 468 2501 verrisset
489 2443 625 2518 gaudens,
648 2443 832 2517 dixissetque:
855 2440 1028 2500 Benedictus
1039 2440 1121 2499 Deus

71 2602 73 2607 Ι
124 2520 211 2617 ilinc
228 2529 358 2588 liberavit
378 2528 463 2589 hodie
485 2531 522 2588 ab
544 2533 658 2589 interitu
680 2532 804 2604 corporis
822 2536 851 2588 et
861 2531 982 2601 animae,
1004 2545 1122 2586 causam

124 2614 298 2692 eltelloneus,
320 2616 465 2691 respondit
490 2616 554 2675 illa:
589 2617 664 2692 Quid
690 2617 793 2689 iecisti,
816 2634 833 2674 o
856 2619 1025 2688 miserrime,
1053 2613 1121 2688 quid

76 2702 87 2719 ⁰
124 2690 202 2763 east?
238 2701 277 2762 Ut
299 2703 367 2778 qnid
387 2710 504 2778 propter
525 2712 756 2763 momentaneum
786 2703 912 2761 dolorem
940 2703 1122 2760 recessistis
1157 2754 1161 2763 .

123 2770 165 2835 ide
180 2788 221 2846 tua
241 2797 360 2849 sancet
388 2789 508 2849 sancta?
551 2790 646 2867 Magis
680 2791 834 2863 debueras,
867 2791 891 2847 si
919 2788 980 2846 fieri
1011 2794 1121 2863 posset,

123 2869 203 2930 modes
221 2893 321 2952 corpus
342 2883 423 2935 tuum
444 2876 580 2937 incendiis
601 2880 748 2950 subiicere,
770 2895 858 2951 quam
878 2894 896 2933 a
918 2882 977 2934 tam
998 2875 1122 2950 probata

122 2942 164 3008 fidi
180 2964 256 3022 semel
276 2964 417 3025 recedere.
460 2964 526 3037 Sed,
548 2983 634 3039 quem
655 2982 713 3023 non
735 2964 854 3022 seducat
868 2960 1121 3037 voxserpentina‘l

121 3028 244 3135 lfflfsstmor
262 3051 310 3111 ille
342 3050 472 3110 beneficii
500 3052 633 3110 diuinitus
660 3053 714 3111 sibi
743 3050 852 3124 collati,
880 3052 1029 3108 immernor
1061 3056 1121 3107 tarn

122 3123 230 3195 rudentis
249 3138 385 3211 miraculi,
408 3138 523 3197 consilio
546 3142 642 3197 uxoris
664 3140 815 3214 acquievit,
838 3144 867 3195 et
889 3154 1012 3195 errorem
1022 3138 1120 3211 pristi-

121 3218 173 3301 Μ
188 3228 320 3284 resumsit.
361 3225 443 3284 Deus
464 3242 533 3284 vero
554 3243 612 3284 non
633 3220 951 3298 immemor'vindietae,
973 3241 1025 3298 pro
1041 3229 1121 3282 tanta

120 3306 299 3386 fflfflafimdine,
320 3329 437 3373 manum
457 3311 585 3387 plagavit
606 3314 761 3387 utriusque.
804 3312 988 3370 Renovatum
1010 3317 1053 3368 est
1074 3312 1121 3367 in-

120 3385 225 3457 ⁰⁰¹¹dium
242 3402 271 3457 in
292 3417 379 3458 mann
408 3399 557 3473 haeretici,
590 3406 620 3458 et
645 3402 712 3474 quia
740 3401 843 3458 coniux
871 3400 982 3457 auctrix
1014 3399 1122 3456 exstitit

135 3563 238 3644 ¹lapud
263 3585 476 3654 Argentinam
504 3601 544 3636 orn
562 3583 595 3649 (33
622 3585 698 3636 ceteri
723 3592 805 3636 antem
829 3583 923 3635 habent
949 3582 1033 3650 apud
1051 3583 1121 3650 Spi-

171 3659 251 3705 rtarn.
271 3685 301 3695 -
319 3657 351 3723 2)
368 3655 411 3707 ΑΡ
429 3655 604 3707 considero
623 3654 749 3723 quidem
768 3671 827 3718 me,
845 3654 865 3704 l)
883 3653 1057 3706 considero
1076 3667 1121 3702 me

171 3722 335 3845 gualgani>
360 3724 535 3778 considero
560 3741 614 3777 me.
635 3755 665 3764 -
685 3725 717 3793 3)
735 3733 766 3777 et
784 3739 824 3777 om
842 3723 891 3779 BC.
912 3753 941 3763 -
962 3724 994 3792 4)
1016 3720 1121 3775 iudici
