2460 4162
97 218 138 277 88
398 213 626 278 Dlsrmcrlo
647 214 833 277 SECUNDA

96 357 167 399 rica
193 341 323 398 emtores
344 340 481 413 thronos,
503 347 532 398 et
552 339 673 416 ubyaos
699 343 838 412 crtum,
861 345 975 399 emma
993 327 1124 415 puplici

97 424 261 498 morlia,
283 427 393 486 muudi
412 444 469 485 nos
488 430 522 484 ia
541 426 696 502 genitibus
714 430 831 485 umeris.
882 425 952 502 Ipse
971 442 1043 486 vero
1063 441 1128 487 sau·

98 519 161 573 ctus
180 515 290 572 intrans
310 516 474 589 oratorium,
494 513 593 572 effudit
613 517 739 572 animam
759 531 843 571 suam
862 514 893 571 in
909 515 1046 588 oratione,
1067 528 1129 573 urm

97 599 194 658 multis
214 599 337 660 lacrimis
348 601 475 659 divinam
497 600 681 675 interpellans
702 599 892 658 clementiam
933 599 1132 675 Aequiesetu-

97 694 142 746 tes
164 689 225 746 eius
247 687 364 746 oonsilio
384 687 501 761 iratres,
530 687 651 747 eandem
668 687 854 762 autiphonam
870 693 952 745 tanto
963 689 1101 747 intentius
1110 680 1135 767 ²)

98 775 266 849 cantabant,
287 781 394 850 quanto
415 776 515 834 lortius
538 781 684 833 cantantes
706 776 838 850 angustia
858 775 1022 849 premebat,
1045 780 1076 833 et
1094 770 1135 833 ad

95 860 271 920 cenandum
289 863 436 921 incitabat
477 861 584 920 Flexos
604 865 670 936 pius
683 856 826 919 Dominus
838 861 963 920 lacrimis
984 877 1138 921 servorum

94 964 212 1007 suorum
223 946 253 1028 ³),
274 948 457 1024 Imperatoris
480 965 529 1007 cor
549 951 680 1022 mutavit,
702 950 847 1006 etmissae
869 954 937 1006 sunt
956 947 1057 1007 literae
1077 946 1137 1009 solt

93 1035 286 1110 festinatione,
313 1042 346 1093 ut
374 1042 537 1110 manerent,
564 1042 734 1109 orarentque
761 1052 813 1110 pro
840 1034 973 1109 fflperio.
1013 1033 1062 1093 Ex
1087 1033 1138 1095 hir

94 1125 201 1198 poteris
222 1122 368 1198 colligere,
390 1140 478 1198 quam
499 1121 631 1181 efficaces
654 1123 760 1180 sintin
780 1122 898 1180 auribus
918 1120 976 1180 Dei
995 1120 1138 1183 lacrimae

95 1212 279 1269 counitionis.
331 1208 533 1268 NOVICIUS:
563 1209 665 1267 Potest
694 1211 758 1283 quis
785 1209 867 1267 alteri
897 1207 971 1267 tales
1002 1208 1138 1269 munuc

95 1294 228 1355 lacrimas
259 1299 366 1355 meritis
399 1298 460 1354 sive
491 1287 647 1370 precibus?
696 1293 932 1354 MONACHUS:
966 1294 1054 1370 Quod
1086 1294 1139 1354 alii

96 1382 159 1442 aliis
180 1382 342 1441 huiusmodi
364 1385 485 1458 gratiam
507 1385 634 1442 obtinere
655 1384 766 1457 possint
786 1381 882 1441 aDeo
904 1383 1019 1456 meritis,
1041 1381 1139 1443 habes

95 1472 227 1545 superius
250 1470 373 1545 capitulo
395 1473 493 1543 tertio,
514 1471 564 1528 ubi
585 1475 717 1544 apostata
737 1469 895 1528 monachus
916 1471 1022 1527 meritis
1043 1470 1139 1544 patris

97 1563 126 1616 et
146 1556 266 1633 hospitis
288 1559 332 1615 sui
354 1559 443 1615 sancti
465 1556 605 1615 Bemardi
624 1572 676 1631 per
697 1556 830 1614 lacrimas
852 1557 1027 1614 counitionis
1048 1556 1139 1614 iusti-

95 1643 198 1703 ficatus
213 1649 265 1704 est
287 1642 375 1702 Aliud
385 1642 476 1703 habes
490 1642 652 1719 exemplum
666 1646 695 1700 iu
709 1643 833 1718 capitulo
849 1648 929 1702 sesto
944 1641 1066 1717 decimo,
1083 1642 1139 1702 ubi

96 1730 178 1790 miles
199 1730 277 1807 apud
299 1727 440 1809 Remeat),
467 1733 496 1788 iu
519 1733 579 1790 eius
598 1733 760 1806 praesentia
782 1732 1004 1803 communicans,
1024 1729 1139 1789 meritis

95 1819 184 1893 ipsius
204 1836 256 1894 per
278 1817 384 1878 donum
406 1820 589 1892 contritionis,
611 1835 676 1876 cum
697 1819 727 1876 iu
748 1819 880 1876 maximis
902 1823 979 1875 esset
997 1817 1140 1893 peccatis,

96 1907 199 1964 meruit
225 1904 385 1964 illuminari
434 1904 491 1964 Pro
520 1904 598 1964 nullo
630 1904 733 1963 horum
765 1903 868 1963 dieitur
898 1919 1004 1963 orasse
1058 1902 1139 1963 Item

96 1991 175 2067 quod
204 1991 321 2067 quidam
349 1990 413 2050 aliis
434 1991 566 2050 lacrimas
590 1992 779 2065 contritionis,
810 1992 914 2067 quibus
935 1995 1058 2065 peecata
1080 2006 1139 2053 sua

97 2076 214 2153 diluant,
233 2081 385 2154 impetrare
407 2077 530 2154 valeant,
553 2077 670 2137 diversis
691 2079 743 2137 tibi
765 2077 914 2138 ostendam
936 2076 1086 2154 exemplis.

445 2250 679 2312 CAPITULUM
697 2251 787 2311 XIX.

153 2393 201 2453 Dc
221 2393 360 2469 religioso
379 2391 502 2469 fenino,
525 2409 603 2467 quoe
624 2398 669 2450 ter
688 2394 722 2450 iu
741 2391 927 2450 hebdomoda
948 2389 1077 2452 obitam
1110 2364 1113 2369 Ι

312 2480 457 2545 monacho
479 2481 617 2538 lammae
638 2478 723 2556 infra
744 2483 917 2539 metuimus.

159 2619 269 2678 Retulit
296 2619 379 2679 nobis
407 2616 463 2678 hoc
491 2635 566 2678 anno
597 2617 728 2677 dominus
756 2615 902 2677 Waltcms
923 2616 1026 2676 Abbas
1046 2615 1137 2678 vm-

95 2706 211 2781 rlensis,
232 2713 260 2767 te
282 2713 371 2782 testo,
393 2705 471 2783 quod
491 2704 650 2764 monachus
673 2704 805 2781 quidam,
826 2722 892 2763 cum
913 2705 1073 2764 mitteretur
1094 2704 1134 2764 ab

95 2790 212 2854 Abbate
234 2811 287 2854 suo
309 2794 347 2854 ad
366 2794 535 2855 coenobium
558 2791 702 2867 quoddam
723 2790 980 2851 sanctimonialium
988 2786 1009 2869 ε)
1025 2789 1135 2851 ordinis

94 2883 198 2955 nostri,
225 2883 368 2958 rogaverit
394 2899 482 2940 unam
504 2898 539 2940 ex
561 2882 616 2956 eis,
649 2896 736 2954 quam
763 2878 905 2953 amplioris
933 2879 1025 2936 meriti
1052 2877 1134 2955 apud

93 2966 191 3026 Doum
204 2969 345 3043 sperabat,
366 2985 418 3043 pro
441 2985 472 3026 se
495 2983 584 3027 orare.
627 2965 786 3041 Respondit
807 2965 870 3023 illa:
893 2964 969 3040 Quid
990 2963 1078 3024 vultis
1100 2971 1135 3025 ut

95 3070 173 3113 orem
204 3072 256 3130 pro
278 3053 384 3114 vobis?
427 3054 465 3112 Et
486 3052 658 3114 monachus:
686 3051 762 3112 Volo
791 3058 824 3110 ut
846 3053 996 3111 obtineatis
1024 3051 1133 3113 aDo-

94 3141 171 3199 uduo
193 3147 236 3199 tor
257 3140 326 3200 mihi
346 3142 375 3199 iu
397 3140 580 3201 hebdomada
606 3139 644 3198 ad
665 3139 816 3199 sollemnes
837 3139 964 3215 vigilias,
994 3137 1050 3198 hoc
1072 3145 1133 3216 cst,

94 3228 164 3287 feria
185 3228 319 3302 secunda,
341 3227 411 3287 feria
433 3231 532 3303 quinta
554 3233 583 3285 et
604 3227 742 3302 sabbato,
764 3226 879 3301 quaudo
900 3225 1042 3302 longiores
1063 3231 1133 3285 suut

95 3314 215 3392 vigiliae,
238 3315 391 3390 specialem
409 3316 532 3391 gratiam
552 3313 734 3373 lacrimarum
755 3319 784 3373 et
796 3312 964 3372 devotionis.
1007 3310 1061 3371 Cui
1080 3312 1133 3373 illa

113 3448 144 3519 1)
162 3448 204 3502 BD
221 3448 334 3516 palmo.
354 3478 385 3487 -
405 3447 437 3568 2?
455 3446 475 3501 0
493 3448 665 3531 attentius.
686 3475 717 3486 -
741 3445 773 3527 ³)
791 3445 811 3499 G
829 3461 956 3498 suorum
981 3445 1132 3498 lacrimis

164 3533 423 3641 sterilitati
434 3514 1132 3653 tiulfiimi‘ariarectesaiiii

163 3659 260 3709 occisus
278 3660 341 3708 est.“
361 3657 433 3710 Goni.
452 3660 526 3709 etium
545 3658 635 3709 iuxta
654 3656 870 3725 Aquisgraui,
888 3654 955 3724 quod
973 3657 1049 3707 variis
1067 3655 1132 3707 locis

163 3728 189 3779 iu
210 3726 259 3779 lroc
277 3726 382 3850 Dialosso
406 3729 522 3779 occurrit.
542 3754 573 3767 -
593 3726 625 3795 5)
642 3724 684 3779 cu
708 3724 911 3789 monialium
934 3725 1009 3793 paulo
1032 3725 1132 3792 posti}

163 3797 346 3867 rogavit,ll
371 3798 389 3850 P
406 3797 655 3868 rogaveritquo.
