2460 4162
328 278 345 291 f·
425 235 480 296 DE
502 234 764 299 TENPATIONE.
1040 240 1101 299 203

66 358 213 417 conversis
249 356 366 433 nostris,
399 356 436 417 de
464 357 509 416 his
537 360 586 434 qui
613 359 775 434 frequenter
801 360 831 417 in
860 357 948 418 choro
976 320 1127 441 mardi),
1193 366 1201 391 ¹

66 443 220 519 dormiunt,
240 446 302 520 ipse
322 444 392 503 mihi
407 443 566 520 respondit:
587 444 691 506 Sciatis
712 461 763 521 pro
779 450 864 521 certo,
887 443 965 522 quod
985 462 1102 508 somno·
1216 486 1221 500 r

65 530 156 591 lentie
182 530 232 589 ills
259 548 295 593 ex
322 529 437 590 diabolo
467 537 518 591 est.
577 530 635 592 Die
668 532 794 608 quadam
819 537 946 607 tempore
979 535 1103 608 aestivo,

66 635 137 678 oum
166 615 268 677 laudes
301 616 533 695 decantarentur,
559 617 619 678 vidi
649 621 680 677 in
708 619 792 678 dorso
820 618 913 678 fratris
941 618 1102 695 Wilhelmi,

67 706 119 780 qui
131 701 252 764 libenter
270 705 310 763 ibi
333 704 443 780 dormit,
465 704 542 765 clara
564 704 609 764 die
631 711 792 781 serpentem
813 722 935 781 serpere,
957 710 985 763 et
1006 707 1111 765 statim'

41 808 48 815 ·
64 789 193 850 intellexi
207 793 275 866 quia
289 790 419 850 diabolus
435 798 519 866 essct,
540 794 589 866 qui
599 793 630 850 in
644 794 704 850 eius
722 791 910 850 somnolentia
923 792 1103 867 pascebatur.

66 877 244 938 Huiusmodi
273 879 428 953 visionem,
457 883 530 937 teste
558 877 644 938 fratre
670 878 829 954 Richardo,
864 878 978 937 dicebat
1006 876 1037 938 s‘e
1067 879 1103 939 de

67 963 172 1024 eodem
201 981 339 1025 converso
361 967 475 1040 saepius
495 963 610 1024 vidisse.
654 963 831 1046 Conversus,
853 967 901 1040 qui
922 964 995 1024 haec
1016 965 1102 1041 vidit,

67 1051 228 1112 vocabatur
263 1050 427 1126 Comedus,
462 1053 506 1110 vir
540 1051 634 1112 bonus
670 1056 699 1110 et
725 1053 831 1126 iustus,
860 1051 896 1110 de
930 1069 986 1127 quo
1012 1053 1104 1112 multa

66 1137 270 1198 excellentiora
300 1139 352 1197 tibi
377 1140 407 1196 in
436 1137 614 1197 distinctione
647 1136 777 1219 octava²)
810 1140 944 1198 recitabo.
994 1138 1102 1198 Multos

65 1242 121 1302 per
140 1224 359 1285 somnolentiam
373 1230 464 1284 tentat
486 1222 617 1284 diabolus
639 1231 668 1284 et
688 1231 784 1300 vexat,
806 1232 835 1285 et
855 1225 911 1285 hoc
931 1227 962 1282 in
984 1225 1102 1285 dirersis

65 1313 173 1372 formis.

385 1516 617 1579 CAPITULUM
637 1518 788 1578 xxxm.

87 1640 137 1699 Da
158 1655 305 1711 converso,
327 1643 376 1699 eut
397 1647 493 1699 cottus
513 1645 593 1700 caus
615 1647 657 1700 cst
679 1641 778 1700 oculos
794 1640 938 1713 claudere,
960 1659 1027 1700 cum
1049 1646 1081 1698 tu

437 1728 526 1786 choro
550 1728 733 1786 dormitaret.

131 1864 168 1924 In
187 1863 400 1925 Hemmenrodc
433 1881 587 1925 conversus
614 1864 730 1940 quidam
756 1863 841 1925 valde
869 1863 1029 1925 accidiosus
1050 1866 1102 1925 tuit

65 1955 97 2011 in
118 1951 223 2028 choro,
250 1968 324 2027 pene
353 1968 467 2027 semper
487 1953 528 2010 ibi
550 1952 714 2013 dormitans.
756 1950 791 2010 In
813 1953 893 2012 cuius
916 1955 1008 2028 capite
1030 1952 1102 2012 alter

65 2038 185 2116 qnidam
214 2055 368 2098 conversus
389 2039 551 2114 frequenter
572 2045 680 2098 cattum
702 2037 800 2098 sedere
821 2038 907 2114 vidit,
935 2041 984 2115 qui
1005 2056 1072 2098 mox
1079 2037 1100 2119 ³)

64 2132 100 2185 ut
119 2124 210 2202 podes
233 2142 302 2185 suos
321 2125 412 2185 oculis
434 2128 564 2186 conversi
584 2127 773 2202 superposuit,
794 2127 889 2184 statim
909 2125 956 2185 ille
979 2129 1100 2187 oscitare

65 2214 171 2288 coepit.
225 2211 311 2288 Quod
338 2229 404 2272 cum
430 2212 615 2272 intellexisset
642 2230 678 2272 ex
702 2212 838 2272 relatione
864 2214 938 2288 eius,
967 2215 1016 2288 qui
1044 2214 1100 2272 hoo

63 2297 165 2358 videro
190 2300 306 2374 mendt,
332 2316 369 2358 ne
399 2299 504 2358 diutius
524 2298 688 2358 illuderetur
708 2317 727 2359 a
749 2299 878 2376 diabolo,
906 2299 1005 2359 sedem
1026 2298 1101 2359 stalli

63 2387 111 2447 sui
131 2387 174 2446 sio
185 2387 306 2461 paravit,
325 2392 359 2444 ut
373 2384 441 2444 dum
454 2386 627 2461 dormitaret,
648 2385 697 2446 illa
717 2388 747 2443 in
760 2393 871 2461 partem
893 2386 1060 2446 declinando
1068 2384 1100 2466 ⁴),

65 2470 216 2533 sedsuoem
254 2474 460 2548 praecipitaret.
514 2472 619 2547 sieque
654 2473 859 2532 somnolentiae
893 2473 1014 2532 daemon
1049 2491 1100 2549 per

37 2564 157 2629 ,artem
192 2575 330 2618 excusem
362 2565 420 2634 est,
449 2563 478 2621 et
508 2559 593 2619 trater
621 2558 781 2619 accidiosus
808 2560 962 2619 ferventior
988 2564 1018 2618 in
1043 2561 1100 2619 Dei

62 2647 182 2706 servitio
209 2644 301 2705 dctis
328 2653 380 2706 est.
422 2645 504 2705 Haeo
525 2646 594 2705 mihi
616 2664 634 2706 a
656 2646 781 2722 quodam
803 2663 940 2706 converso
972 2646 1099 2706 eiusdem

63 2732 199 2793 coenobii
233 2730 323 2792 relata
350 2738 425 2791 sunt
473 2722 623 2809 Quantum'
648 2732 801 2792 daemones
829 2733 886 2793 illic
915 2733 1098 2793 dormitantes

63 2818 210 2894 irrideant,
231 2835 267 2879 ex
288 2820 417 2879 subiecto
440 2834 596 2896 cognosces
618 2819 757 2895 exemplo.

379 3024 611 3088 CAPITULUM
638 3027 787 3087 XXXIV.

84 3147 135 3207 De
155 3146 313 3206 Frcdcrtco
333 3149 493 3221 monacho,
515 3152 564 3208 coi
583 3152 615 3208 in
637 3151 726 3208 choro
748 3150 921 3209 dormitant-t
943 3148 1077 3210 dioboles

284 3235 398 3294 nodum
418 3238 612 3296 stramineum
632 3239 665 3295 ira
686 3237 785 3295 oculos
805 3239 879 3296 tecit.
921 3235 928 3246 “

129 3371 254 3449 Quidam
268 3389 304 3433 ex
318 3374 476 3434 senioribus
490 3375 601 3449 nostris,
621 3373 791 3433 Fredericus
802 3376 925 3450 nomine,
945 3374 1013 3434 licet
1028 3375 1102 3448 alias

60 3460 147 3519 tuerit
179 3460 225 3518 vir
250 3459 358 3535 bonus,
387 3458 423 3519 de
446 3461 516 3520 vitio
549 3467 645 3520 tamen
679 3461 883 3521 somnolentiae
910 3464 979 3521 satis
1007 3462 1098 3521 fuerat

60 3552 189 3607 nomes.
221 3544 279 3606 Hic
295 3553 380 3608 nocte
397 3546 531 3624 quadam,
552 3555 706 3624 antequam
721 3550 841 3608 emissus
852 3555 928 3608 esset
941 3558 1098 3609 conventus

79 3730 114 3801 1)
130 3737 245 3785 nostro
265 3746 308 3784 om
329 3730 379 3787 Bc.
398 3762 430 3772 -
448 3733 481 3802 2)
499 3748 554 3802 cop.
572 3733 615 3786 20.
634 3763 666 3776 -
691 3733 723 3803 3)
747 3748 815 3786 mox
837 3732 887 3785 odd
909 3732 958 3788 BG.
978 3763 1009 3774 -
1028 3734 1060 3801 4)
1078 3734 1097 3784 c

131 3799 332 3855 inclinando.
