2460 4162
99 236 161 294 124
419 231 647 294 DISTmc'rlo
666 232 817 295 TERTIA
871 270 875 275 ·

96 357 190 414 sancti
208 353 335 413 Patrocli
356 357 518 415 canonicus.
560 354 764 416 NOVICIUS:
785 355 818 416 Si
839 353 993 414 daemones
1006 353 1141 415 homini-

97 442 152 500 bus
172 444 201 499 in
222 443 357 500 assumtis
379 444 545 516 corporibus
566 445 801 517 commiscentur,
832 445 906 501 sicut
933 441 1053 501 diversis
1072 444 1141 503 iau!

97 528 233 603 exemplis
255 535 401 586 ostensum
422 537 480 604 cst,
508 531 593 588 miror
614 531 639 588 si
660 529 696 589 de
717 530 827 589 seminis
849 531 960 604 possint
980 544 1141 606 generare„

96 616 157 674 sire
180 614 215 673 dc
247 617 315 673 viris
347 618 496 689 concipere
525 624 553 674 ct
585 633 694 691 parcre.
735 614 971 675 MONACHUS:
1000 615 1048 675 Dc
1074 615 1127 675 bac

97 704 264 776 quaestione
294 701 432 761 solvenda
458 702 528 760 nihil
563 705 632 761 novi
659 706 735 777 scio,
767 703 819 762 sed
847 703 925 778 quod
944 704 981 760 in
1007 704 1129 778 antiquis

96 788 221 848 historiis
242 788 307 865 legi,
328 788 383 848 hoc
404 789 510 864 replico
524 786 549 868 ¹).

449 979 681 1039 anarrinon
704 979 776 1039 rur.
842 962 847 971 '

153 1100 330 1175 Eacnquum
352 1102 388 1159 de
408 1102 517 1172 Hunis,
540 1108 568 1159 et
588 1101 626 1179 dc
646 1101 781 1172 Martiae,
804 1107 832 1159 et
853 1100 936 1175 qaod
953 1103 987 1158 in
1006 1101 1075 1177 {iltis

272 1187 447 1246 theudorum
469 1190 512 1246 att
527 1191 641 1246 veritus¹
656 1189 806 1245 humanae
826 1194 965 1246 naturae.

162 1324 235 1383 Cum
255 1341 326 1401 gens
342 1323 502 1383 Gothorum
513 1322 534 1404 ²)
558 1324 593 1383 de
605 1324 677 1382 Asia
698 1327 831 1400 migraret
850 1327 880 1382 in
893 1324 1050 1399 Europam,
1072 1326 1129 1407 sic-

96 1413 178 1469 utin
206 1413 265 1469 cius
298 1414 385 1486 gestis
417 1410 535 1487 legitur,
562 1409 740 1486 haberetque
771 1411 903 1469 mulieres
932 1410 1074 1470 deformes
1099 1412 1130 1469 in

96 1515 148 1556 suo
172 1500 322 1571 comitatu,
352 1500 434 1557 eiecit
453 1498 530 1571 illas,
558 1501 659 1556 timens
687 1516 724 1557 ne
751 1498 856 1556 liberos
882 1500 966 1556 nimis'
988 1497 1131 1557 deformes

95 1586 252 1662 gignerent,
273 1587 370 1660 sicque
392 1585 569 1644 nobilitatem
592 1584 752 1643 Gothorum
774 1579 1004 1663 deformarent).
1048 1582 1130 1660 Quae

96 1671 132 1731 de
155 1674 255 1731 castris
277 1678 426 1746 extrusae,
450 1690 514 1731 cum
538 1678 663 1730 errarent
682 1674 712 1728 in
733 1688 868 1744 nemore,
890 1677 1072 1729 accesserunt
1092 1668 1130 1731 nd

94 1759 158 1818 illas
179 1760 276 1817 incubi
298 1759 460 1833 daemones,
481 1765 695 1835 genueruntquc
718 1775 753 1816 cx
774 1760 814 1815 eis
835 1757 909 1816 filios
930 1756 1052 1816 ctfilias
1084 1756 1131 1817 ΕΙ

96 1846 200 1920 quibus
231 1849 370 1920 processit
401 1846 554 1904 fortissima
582 1862 655 1921 gens
682 1844 841 1903 Hunorum.
894 1843 1012 1920 LegItur
1044 1845 1132 1903 ctiam

95 1932 233 1991 Merlinus
254 1933 394 2008 propheta
414 1933 616 1991 Britannorum
638 1949 673 1991 cx
694 1931 798 1990 incubo
822 1931 977 2004 daemone,
1011 1936 1041 1991 et
1060 1947 1132 1990 san·

96 2018 250 2078 ctimoniali
270 2019 375 2077 femina
395 2025 556 2094 generatus.
599 2018 675 2077 Nam
696 2025 725 2076 ct
746 2019 849 2093 Reges,
872 2019 921 2092 qui
941 2016 1133 2091 usquehodio

95 2111 216 2181 regnant
236 2107 265 2162 in
287 2106 388 2164 eadem
410 2105 571 2178 Britannia,
606 2123 678 2180 quac
707 2122 783 2163 nuuc
812 2102 920 2180 Anglia
952 2102 1068 2178 dicitur,
1095 2102 1132 2165 do

95 2197 186 2250 matre
207 2192 387 2266 phantastica
408 2191 589 2250 descendisse
609 2192 774 2250 referuntur.
802 2190 940 2249 Mcrlinus
955 2206 1025 2250 vero
1043 2189 1132 2251 homo

95 2278 240 2338 rationalis
270 2284 298 2335 ct
327 2277 502 2335 Christianus
529 2278 595 2352 luit3
629 2278 719 2336 multa
747 2279 843 2335 futura
869 2277 1024 2352 praedixit,
1056 2293 1132 2352 quac

96 2364 223 2440 quotidie
256 2364 414 2439 implentur.
464 2362 667 2423 NOVICIUS:
700 2364 731 2424 Si
761 2363 892 2423 homines
919 2381 955 2422 cx
982 2365 1132 2439 utriusque

96 2453 220 2527 parentis
243 2446 378 2528 semine)
401 2452 598 2526 concipiuntur
618 2458 730 2509 tantum
752 2458 781 2509 ct
801 2457 963 2523 nascuntur,
984 2450 1132 2524 quomodo

97 2537 208 2597 dicendi
231 2545 298 2596 sunt
318 2537 455 2611 homines,
478 2540 526 2611 qui
546 2539 650 2613 partim
672 2555 708 2596 cx
729 2538 853 2612 homine,
874 2539 977 2612 partim
1000 2553 1036 2596 cx
1058 2536 1131 2597 dac·

95 2642 180 2683 mone
212 2627 303 2683 carnis
326 2640 395 2683 suae
417 2624 533 2682 trahunt
555 2621 716 2701 originem?
759 2623 905 2699 Numquid
926 2626 1048 2699 resurgit
1059 2620 1080 2703 ⁵)
1101 2626 1132 2683 in

95 2711 215 2785 iudicio,
245 2712 322 2786 quod
349 2729 406 2769 non
436 2717 480 2769 est
507 2710 542 2768 dc
563 2713 683 2770 veritate
704 2711 847 2769 humanae
869 2708 1009 2769 naturae?
1053 2708 1132 2770 ΜΟ-

94 2796 269 2858 NACHUS:
298 2799 400 2857 Dicam
429 2799 479 2856 tibi
510 2798 587 2873 quod
615 2797 712 2856 audivi
740 2815 759 2856 a
787 2796 913 2872 quodam
934 2796 1045 2855 literato
1067 2798 1131 2858 viro

96 2884 131 2943 dc
154 2884 209 2943 hac
232 2887 405 2959 quaestione.
448 2884 500 2943 Ait
521 2887 610 2943 enim:
642 2883 823 2943 Cremcntum
852 2884 1022 2957 humanum,
1052 2880 1133 2958 quod

96 2977 196 3029 contra
216 2977 347 3030 naturam
368 2971 508 3046 funditur,
542 2970 695 3030 daemones
725 2970 873 3046 colligunt,
906 2976 936 3028 ct
962 2987 997 3028 ex
1019 2987 1055 3029 co
1076 2970 1133 3031 abi

96 3073 223 3133 corpora,
245 3059 273 3115 in
296 3058 398 3132 quibus
420 3061 498 3134 tangi
519 3059 666 3134 viderique
680 3058 717 3116 ab
728 3058 889 3116 hominibus
904 3059 1022 3131 possint,
1044 3074 1133 3117 assu·

95 3150 191 3219 nrunt3
215 3143 250 3201 dc
272 3144 428 3202 masculino
451 3162 519 3203 vero
541 3145 707 3218 masculina,
729 3151 758 3203 et
780 3143 815 3203 de
837 3144 969 3202 feminino
986 3143 1133 3204 fcrninina.

94 3230 199 3304 Slcque
223 3230 320 3289 dicunt
341 3233 467 3306 magistri
488 3234 516 3288 in
538 3232 591 3303 his,
613 3234 661 3306 qui
683 3231 718 3289 dc
741 3233 781 3289 eis
795 3236 958 3304 nascuntur,
979 3232 1133 3290 veritatem

96 3333 158 3377 esse
181 3317 323 3375 humanae
345 3325 481 3391 naturae,
505 3335 611 3392 eosque
632 3321 661 3375 in
683 3316 802 3391 iudicio,
824 3324 857 3374 ut
877 3309 977 3394 rere)
999 3316 1134 3377 homines

95 3420 251 3479 resurgere.
284 3403 365 3463 Haec
388 3404 423 3463 de
444 3404 489 3463 his
510 3400 688 3484 subcunt.)
727 3404 810 3464 Nunc
821 3409 997 3462 revertamur
1007 3402 1044 3461 ad
1059 3421 1133 3463 con-

115 3592 145 3659 1)
164 3589 182 3641 ll
202 3589 494 3658 replicabo.-2)B
512 3591 693 3654 Gottorum,
717 3597 744 3640 ut
761 3589 828 3656 apud
847 3589 916 3643 Cam.
935 3587 1043 3653 Luslll,
1063 3588 1133 3643 100:

164 3660 293 3712 Gotticn
320 3668 428 3727 gcntc.
448 3690 481 3699 -
505 3661 537 3728 3)
556 3660 574 3711 P
591 3662 743 3729 gigneret
763 3689 793 3699 -
818 3659 1027 3710 deformaret.
1048 3688 1079 3698 -
1099 3659 1134 3727 4)

164 3729 325 3783 Greminc
352 3731 508 3797 parentis.
529 3759 560 3769 -
588 3731 620 3797 5)
638 3729 682 3780 Al)
699 3737 868 3793 resurget,
890 3729 915 3780 ‘B
934 3737 1134 3796 resurgent,

164 3807 192 3853 ut
210 3798 274 3853 l'sal.
294 3799 318 3865 l,
336 3801 359 3851 5.
381 3828 411 3838 -
430 3799 463 3867 6)
481 3799 500 3852 C
518 3815 623 3852 veros.
642 3827 673 3838 -
692 3799 724 3867 7)
741 3798 784 3851 BG
800 3798 890 3850 dicta
914 3798 1096 3849 sufficiant.

667 4062 704 4126 ι’.
