2460 4162
446 239 674 304 orsumerlo
693 240 843 303 TERTIA

466 466 700 529 CAPITULUM
719 469 815 529 XLV.

127 621 204 682 Item
224 621 260 681 dc
275 621 415 698 plebano,
436 627 489 698 qui
503 623 643 699 pluribus
659 623 971 701 corrfitcrioolcntr'bua,
992 624 1171 701 pateram

208 709 383 786 praedicem
404 709 621 786 confaciorrem,
644 711 779 770 omnibns
801 712 924 770 coetdnn
944 714 1080 771 criwrar'i

536 801 758 872 poenitentiam

192 984 276 1046 Alius
297 985 415 1062 quidam
434 987 591 1063 plebanus,
619 990 692 1047 sicut
720 987 817 1047 audivi
837 987 875 1046 ab
898 989 959 1046 eius
980 1003 1169 1064 successore,

127 1069 204 1132 hanc
224 1072 353 1133 habebat
374 1067 625 1150 consuetudinem,
653 1080 686 1133 ut
713 1076 744 1132 in
764 1073 992 1150 Quadragesima
1012 1074 1169 1135 confluer-

127 1159 206 1219 tibus
234 1159 272 1219 ad
298 1161 448 1220 ecclesiam
471 1161 654 1220 confessionis
682 1163 775 1237 gratia
802 1161 982 1236 parochianis
1002 1163 1072 1236 suis,
1100 1163 1169 1238 ipse

128 1262 181 1305 sex
200 1246 248 1306 vel
270 1253 334 1306 octo
356 1247 442 1306 simul
462 1247 578 1307 duceret
599 1254 666 1307 ante
683 1248 793 1322 altare,
814 1253 843 1306 et
863 1247 937 1307 stola
958 1246 1038 1307 collis
1061 1264 1169 1309 corum

78 1338 82 1345 '
127 1333 275 1409 imposita,
303 1328 460 1394 Teutonico
480 1332 644 1410 generalem
672 1336 712 1393 eis
732 1334 910 1410 praediceret
938 1334 1168 1412 confessionem,

128 1420 242 1497 singula
269 1421 360 1480 verba
389 1420 445 1480 illis
472 1428 538 1497 post
566 1437 633 1479 eum
660 1422 836 1480 iterantibus.
887 1421 998 1496 Quibus
1026 1421 1167 1481 omnibns

128 1505 250 1566 similem
278 1513 364 1582 atque
391 1507 512 1568 eandem
539 1509 687 1583 iniungens
715 1508 934 1582 poenitentiam,
965 1505 1048 1567 simul
1081 1508 1167 1569 abire

128 1596 282 1669 praecepit.
324 1593 371 1653 Sic
391 1594 515 1654 faciebat
536 1595 682 1669 omnibus,
708 1611 767 1652 non
788 1593 971 1653 considerans
992 1592 1061 1669 quid
1082 1594 1167 1654 foce·

128 1681 198 1754 rint,
221 1683 284 1756 quis
305 1680 384 1756 plus,
407 1685 508 1757 quisve
529 1684 623 1740 minus
643 1683 813 1757 peccaverit.
855 1679 998 1740 Defuncto
1021 1696 1073 1756 eo,
1095 1697 1166 1741 cum

129 1767 246 1843 quidam
275 1785 312 1827 ex
338 1768 532 1844 parochianis,
560 1770 604 1827 vir
631 1767 824 1844 grandaevus,
854 1769 938 1825 etin
965 1766 1166 1829 sacerdoribus

129 1852 263 1929 prudens,
283 1871 335 1930 pro
356 1873 521 1915 successore
542 1857 603 1914 eius
621 1857 757 1929 mitteret,
774 1853 923 1930 postulans
944 1871 1056 1914 sacram
1079 1870 1166 1914 com-

128 1943 307 2015 munionem,
340 1958 374 2000 eo
396 1941 474 2017 quod
494 1941 682 2000 infirmaretur
701 1958 794 2017 usque
815 1938 854 1999 ad
874 1946 1010 2015 mortem,
1040 1943 1166 2003 veniens

129 2027 263 2086 sacerdos
284 2027 365 2085 dixit:
397 2028 480 2087 Prius
502 2028 611 2086 debetis
631 2027 724 2087 iacere
746 2027 959 2087 confessionem.
1001 2026 1168 2102 Respondit

129 2112 191 2172 ille:
223 2113 286 2172 Vos
317 2113 387 2172 mihi
418 2131 483 2174 eam
514 2115 606 2173 facite.
659 2114 787 2173 Notabat
818 2114 893 2171 enim
927 2112 1167 2174 consuetudinem

130 2197 356 2274 supradictam·
391 2200 521 2275 Cumque
559 2199 692 2259 sacerdos
731 2199 874 2259 monendo
907 2201 987 2258 illum
1020 2201 1167 2277 instaret,

131 2292 290 2347 commotus
318 2286 365 2345 ille
395 2286 477 2345 dixit:
522 2286 620 2361 Certe,
657 2286 784 2362 domine,
817 2304 964 2361 nunquam
992 2286 1061 2344 mihi
1093 2287 1168 2349 talia

130 2372 197 2433 iecit
227 2372 431 2448 praedecessor
461 2379 564 2433 vester.
616 2374 656 2432 Et
682 2391 747 2432 oum
779 2380 897 2450 negaret
924 2376 951 2433 ei
983 2376 1167 2434 communio-

129 2476 205 2535 nem,
225 2458 343 2519 tandem
363 2463 391 2518 in
413 2460 486 2519 haec
509 2461 599 2519 verba
622 2463 765 2536 prorupit:
795 2460 939 2519 Confiteor
959 2476 1004 2518 mc
1025 2476 1167 2535 peccasse

130 2548 159 2605 in
181 2545 334 2623 adulteriis,
355 2548 444 2623 firrtis,
465 2549 584 2623 rapinis,
605 2546 772 2621 homicidiis,
792 2549 929 2623 periuriis,
950 2547 1069 2622 aliisque
1085 2547 1167 2606 mul·

130 2635 167 2693 tis
189 2635 352 2693 criminibus
368 2630 403 2713 1)..
436 2634 518 2693 Tunc
540 2633 689 2693 sacerdos:
710 2633 830 2693 Fecistis
854 2631 1064 2693 haecomnia?
1101 2634 1168 2694 Re·

130 2720 247 2795 spondit
267 2720 326 2782 ille:
350 2722 435 2796 Vere,
457 2720 579 2795 dominc,
599 2721 670 2778 nihil
690 2721 940 2780 horumcommisi.
981 2720 1027 2778 Ex
1044 2722 1169 2797 antiqua

130 2812 242 2867 tantum
261 2809 465 2868 consuetudine
487 2810 528 2868 sic
550 2808 747 2870 confitebatur.
787 2807 826 2866 Et
845 2824 903 2866 non
926 2812 1039 2882 poterat
1063 2805 1167 2889 eum')

130 2892 273 2969 inducere,
295 2903 327 2954 ut
347 2902 467 2971 peccata
489 2914 508 2954 a
529 2913 560 2956 se
573 2897 726 2955 commissa
747 2894 933 2954 confiteretur.
975 2892 1065 2953 Vides
1088 2911 1168 2971 qua-

129 2979 172 3039 los
195 2982 385 3056 consessores,
415 2981 514 3056 quales
543 2982 688 3057 doctores,
721 2980 821 3056 qualos
849 2983 1009 3039 animarum
1029 2986 1167 3042 rectores.

130 3065 214 3127 Unde
238 3074 318 3127 tanta
331 3068 512 3145 negligentia,
533 3068 609 3127 unde
622 3074 683 3127 tam
697 3068 785 3127 stulta
797 3067 909 3141 iudicia,
932 3068 986 3125 nisi
1000 3084 1035 3126 er
1050 3065 1167 3130 divinae

130 3152 202 3229 logis
229 3153 410 3229 ignorantia?
463 3156 516 3215 Vis
545 3172 629 3214 nosse
661 3161 800 3229 quantum
831 3156 941 3229 prosint
963 3153 1167 3216 confitentibus

131 3240 307 3301 consessores
328 3240 451 3301 literati?
494 3240 695 3302 NOVICIUS:
717 3242 793 3301 Volo
816 3239 876 3321 et³)
900 3240 1038 3300 desidero.

149 3739 181 3810 1)
199 3737 217 3792 P
235 3738 422 3862 cstiminibm
448 3738 565 3791 multis.
586 3768 616 3779 -
644 3738 800 3807 2)Deum
827 3736 865 3789 ad
892 3737 960 3791 hoc.
980 3768 1009 3779 -
1038 3737 1110 3808 3)Ι)
1135 3749 1166 3793 et

200 3825 245 3863 mu
283 3826 337 3862 unt.
