2460 4162
141 112 202 174 168
359 132 361 137 ·
453 111 682 175 DISTINOTIO
700 111 849 175 TERTIA

137 251 176 295 ne
195 249 324 310 umquam
352 230 388 294 de
410 240 505 294 cetero
518 234 595 324 ¹talia
615 240 843 327 praesumerept,
871 232 925 295 sub
946 233 1206 296 interminatione

138 336 262 398 magnae
278 320 420 381 vindictae
440 324 627 398 praecipiens.
671 322 776 398 Sicque
796 321 922 398 prudens
943 321 1080 397 medicus,
1100 323 1205 398 quo!

138 408 229 468 verbo
249 409 344 467 minus
359 409 509 469 emendare
525 412 626 485 potuit,
648 408 778 485 exemplo
801 410 930 468 conexit
972 396 1205 469 NOVchUS=

20 528 23 537 ·
138 493 240 554 Placet
250 495 328 570 quod
341 494 418 554 dicis.
461 494 795 555 mortuellus-Auci
810 512 887 555 nunc
904 495 1076 577 ammplam,
1095 476 1204 573 quod

138 581 291 659 prudentia
311 582 480 643 confessoris
500 582 669 642 discretione
690 581 876 659 temperanda
896 583 942 642 sit

516 769 748 832 GAPITULUM
767 770 805 831 L,

140 889 189 950 Dc
207 898 375 968 peccatore,
403 896 455 969 qai
477 893 513 952 dc
532 894 650 1038 mggica
666 895 850 996 poeniteatis
870 892 1025 969 prodatim
1045 876 1196 953 oscmdt'l

617 997 769 1039 merorem.
805 1028 808 1033 .
1017 1018 1022 1029 ·

205 1097 344 1167 Peccator
372 1098 488 1176 quidam
516 1118 638 1176 magnus
667 1117 733 1160 cum
760 1117 812 1177 pro
841 1100 900 1158 suis
920 1099 1049 1174 peccatis
1069 1096 1181 1158 nullm

141 1184 312 1262 condignam
331 1189 475 1262 suscipere
496 1187 584 1246 vellet
604 1189 815 1263 poenitentiam,
837 1187 905 1261 quia
926 1185 1073 1246 confessor
1092 1180 1172 1247 veldv

140 1271 266 1347 prudens
297 1291 332 1333 ac
360 1272 497 1333 discretus
524 1273 659 1360 luia-ait
686 1274 739 1332 illi:
768 1272 856 1332 Potes
881 1289 933 1349 pro
962 1274 1091 1349 peccatis
1116 1270 1166 1331 uti

141 1361 253 1436 magnis
281 1361 383 1420 saltem
403 1378 492 1420 unam
515 1361 671 1420 orationem
691 1359 874 1419 Dominicam
894 1376 945 1435 per
966 1358 1096 1436 singulos
1116 1356 1167 1419 dos

142 1440 257 1506 dicere?
278 1446 480 1523 Respondente
500 1446 558 1522 illo,
578 1465 713 1524 possum3
743 1446 864 1506 eandem
886 1447 912 1504 ei
931 1447 1061 1504 iniunxit.
1102 1444 1170 1505 isra

142 1528 295 1593 clementia
314 1534 380 1594 Dei.
422 1534 469 1593 Ita
490 1534 591 1593 eadem
613 1535 703 1594 oratio
726 1535 820 1609 eoepit
832 1529 848 1612 ¹)
871 1532 978 1590 homini
1000 1532 1171 1607 dulcescere,

141 1626 176 1678 ut
195 1620 307 1680 rediens
329 1620 451 1697 amplius
471 1627 596 1698 peteret,
620 1621 734 1695 hocque
755 1618 863 1679 tamdiu
884 1619 1005 1694 laceret,
1028 1632 1173 1697 quousque

142 1705 182 1766 ad
203 1709 373 1785 condignam
385 1710 589 1784 poenitentiam
605 1710 774 1783 perveniret.
816 1704 865 1764 Ad
887 1705 1087 1766 discretionem
1108 1722 1174 1767 cou-

143 1789 258 1854 fessoris
274 1797 404 1870 pertinet,
425 1799 458 1852 ut
476 1812 527 1870 pro
548 1796 674 1870 peccatis
695 1795 807 1871 magnis
828 1808 971 1868 magnam,
992 1799 1022 1852 et
1042 1810 1096 1870 pro
1112 1809 1178 1871 par·

143 1881 189 1939 vis
220 1898 341 1956 parvam
366 1883 495 1957 iniungat
515 1882 728 1956 poenitentiam.
770 1879 809 1938 Et
830 1880 897 1955 quia
918 1880 1010 1938 omnis
1030 1882 1179 1956 poeniteu-

143 1966 185 2025 tia
217 1969 366 2027 arbitraria
394 1973 451 2042 est,
480 1966 637 2026 secundum
668 1967 833 2042 qualitatem
853 1983 1007 2041 personae,
1039 1967 1181 2027 moderari

144 2055 249 2129 poterit
281 2054 447 2129 qualitatem
479 2071 530 2113 eeu
567 2055 754 2128 quantitatem
782 2069 902 2128 poenae.
955 2052 1181 2114 Misericordiam

145 2156 259 2216 semper
280 2140 472 2216 superexaltet
492 2137 633 2220 iudicio²)‚
655 2142 716 2199 sive
737 2146 855 2214 secreta,
876 2136 953 2220 vcl³)
974 2140 1126 2201 manifesta
1145 2143 1182 2202 sit

146 2227 294 2302 consessio,
315 2233 348 2286 ut
368 2226 445 2308 idern
465 2228 526 2303 ipse
550 2231 741 2302 consequatur
762 2226 871 2286 aDeo.

517 2399 750 2461 CAPITULUM
769 2400 819 2460 LI.

147 2523 196 2583 Dc
216 2520 331 2582 Abbotc
354 2519 517 2595 Giedbcrto,
540 2524 592 2598 qui
611 2522 763 2581 iracundis
784 2525 817 2580 in
829 2519 966 2597 Oopitclo
983 2538 1121 2598 parcens,
1141 2523 1185 2583 ud

353 2609 585 2686 catafactioacm
602 2610 775 2685 ampliorem
791 2612 976 2684 provocavit

212 2730 354 2790 Dominus
384 2729 555 2790 Gisilbcrtus
583 2729 685 2790 Abbas
714 2732 743 2789 in
770 2729 982 2790 Hemmenrode
1012 2735 1112 2790 tanae
1130 2730 1186 2791 luit

147 2817 366 2893 misericordiae,
387 2823 420 2876 ut
443 2820 467 2876 si
489 2816 642 2893 aliquando
666 2819 729 2892 quis
749 2817 956 2877 monachorum
977 2817 1038 2877 sive
1060 2834 1185 2877 conver-

148 2920 246 2963 sorum
279 2921 376 2963 coram
410 2920 444 2963 eo
480 2904 674 2979 proclamatus
705 2904 805 2963 luisset
831 2906 862 2962 in
899 2902 1044 2980 Capitulo,
1079 2910 1111 2963 et
1135 2903 1186 2965 illo

147 2988 281 3066 neglecta
308 2992 411 3049 virtute
439 2985 621 3070 patientiae&
645 2997 724 3050 extra
755 3007 787 3050 se
819 2989 907 3065 fieret,
928 2990 1083 3049 infirmitati
1109 2989 1186 3052 illius

149 3093 316 3152 compassus
337 3076 456 3136 diceret:
485 3077 567 3136 Bonc
587 3078 687 3153 frater,
715 3078 790 3137 vade
821 3077 906 3137 modo
928 3076 1042 3152 sedere,
1070 3083 1101 3137 et
1122 3094 1187 3137 uas
1220 3118 1223 3125 -

149 3163 271 3223 eandem
291 3163 406 3239 eulpam
426 3180 607 3240 recognosce.
651 3165 707 3240 Qui
729 3164 802 3224 datis
823 3164 943 3223 induciis
965 3164 1002 3222 ad
1022 3164 1187 3240 tranquilli·

149 3256 239 3310 tatem
266 3252 353 3309 animi
380 3250 531 3326 reductus,
563 3258 592 3310 ot
621 3250 657 3310 de
686 3254 876 3311 commotione
897 3250 1124 3326 verecundatus,
1155 3253 1188 3311 in

150 3338 272 3396 crastino
294 3336 385 3411 rediit,
406 3354 495 3413 seque
516 3354 652 3413 peccasse
673 3355 889 3414 recognoscens,
912 3337 1013 3397 duram
1032 3340 1188 3414 poeniteu-

150 3425 220 3484 tiam
247 3441 313 3484 cum
340 3425 431 3483 multa
462 3427 600 3501 patientia
628 3427 762 3501 suscepit.
806 3425 951 3501 Quantum
980 3420 1094 3504 etiam⁵)
1116 3425 1188 3486 boni

170 3609 201 3679 1)
218 3608 239 3662 G
257 3578 368 3676 coepit
385 3607 494 3661 eadem
512 3610 628 3662 oratio.
648 3640 679 3652 -
698 3611 730 3678 2)
747 3608 799 3661 lac
817 3610 843 3674 2,
862 3610 903 3663 13.
923 3640 953 3651 -
973 3610 1005 3679 3)
1021 3608 1043 3664 0
1060 3611 1141 3664 sive.
1154 3639 1187 3652 -

221 3679 254 3748 4)
270 3678 291 3731 0
308 3680 493 3748 patientiae
510 3680 645 3732 virtute.
662 3709 694 3720 -
713 3679 745 3749 5)
762 3678 783 3735 C
800 3680 891 3733 enim.

590 3966 657 4015 „uir
