2438 4170
458 112 513 173 DE
535 111 799 173 ΤΕΝΤΑΤΙΟΝΕ.
1083 113 1144 172 245

97 230 255 295 excitame
276 251 379 310 carne,
402 234 450 295 rel
472 235 599 311 diabolo,
621 237 682 295 sive
702 242 837 311 utroque,
860 251 1030 310 consurgere
1050 241 1146 295 tenta-

96 310 236 401 fiQnem,
270 321 428 398 respondit:
462 323 519 382 Pro
549 323 680 382 omnibus
707 325 833 398 p‘eccatis
859 324 915 380 tuis
943 323 995 380 tibi
1014 323 1144 398 iniungo,

87 402 131 455 -nt
171 423 326 483 nunquam
361 407 396 467 dc
427 409 520 468 fructu
552 409 679 468 eiusdem
712 410 822 468 arboris
851 411 972 467 scienter
1004 408 1146 468 comedas.

94 479 192 551 Abiit
213 496 303 571 miles,
323 497 526 571 poenitentiam
544 498 698 554 iniunctam
716 498 799 571 quasi
819 512 871 571 pro
892 494 980 554 nihilo
1001 501 1146 570 reputans.
1207 496 1209 501 '

93 563 148 666 §50
183 584 243 642 sita
264 588 324 642 erat
347 570 414 658 ipsa
434 584 527 657 arbor,
548 589 580 641 ut
602 585 732 656 quotiens
754 585 861 642 curiam
882 599 965 641 suam
986 584 1074 640 exiret
1099 580 1146 642 vel

92 662 244 744 mtrarct,
286 667 406 728 candem
444 671 576 728 arborem
615 672 753 744 respicere
790 674 897 744 posset.
954 667 1145 743 Respiciendo

92 752 226 841 s§imper
245 755 443 831 prohibitionis
464 755 674 830 recordabatur,
697 762 725 815 ct
745 755 921 815 recordando
943 772 1011 814 mox
1031 757 1145 831 gravis-

92 838 180 905 ⁸th
204 843 375 901 tentabatur.
417 842 473 900 Die
487 842 611 918 quadam
623 848 689 901 ante
705 843 837 901 arborem
855 841 976 900 eandem
997 844 1146 916 transiens,

92 918 128 971 θῒ
162 941 258 1002 poma
284 931 328 987 in·
343 946 378 988 ea
407 928 603 1003 considerans,
632 930 669 988 ab
699 945 750 1003 ec,
778 931 827 1003 qui
857 931 980 1004 primum
1000 928 1146 988 hominem

93 1009 156 1071 Der
181 1014 292 1093 lignum
312 1014 486 1090 prohibitum
508 1018 628 1074 tentavit
649 1021 678 1074 ct
698 1017 859 1091 prostravit,
884 1021 943 1074 tam
964 1013 1059 1074 vahde
1080 1021 1145 1074 ten-

94 1087 190 1160 tatus
211 1107 263 1177 est,
284 1109 317 1160 ut
337 1100 376 1160 ad
400 1103 530 1161 arborem
552 1101 666 1176 quidem
684 1105 801 1176 veniret,
823 1107 852 1160 et
873 1101 911 1159 ad
930 1118 1049 1176 pomum
1069 1118 1145 1159 nunc

97 1184 230 1248 manum
257 1186 452 1262 extendendo,
477 1205 552 1247 nunc
578 1194 725 1247 extensam
745 1188 930 1262 retrahendo,
958 1194 1051 1247 totum
1071 1204 1145 1263 pene

102 1254 188 1339 ffiern
232 1277 379 1335 contrariis
420 1275 528 1332 nisibus
567 1277 752 1334 continuaret.
820 1276 950 1334 Tandem
991 1275 1145 1346 adiuvante

106 1360 204 1423 gretia
213 1357 230 1442 ¹)
243 1360 431 1438 triumphans,
451 1363 480 1418 in
495 1367 605 1420 tentmn
618 1363 863 1437 concupiscentiae
876 1363 986 1436 restitit,
1005 1368 1039 1420 ut
1060 1360 1145 1421 corde

112 1445 328 1527 htangustatob
351 1449 406 1508 sub
435 1449 537 1508 arbore
558 1450 654 1507 iacens
682 1450 812 1524 spiritum
834 1448 988 1507 exhalaret.
1030 1446 1145 1507 NOVI-

117 1522 216 1595 Cius
243 1535 275 1595 Si
296 1537 414 1595 tentatio
435 1533 518 1594 Adae
540 1541 600 1594 tam
615 1535 686 1593 dura
706 1536 766 1609 fuit,
787 1553 844 1593 non
865 1537 968 1592 mirum
989 1536 1015 1592 si
1035 1534 1145 1594 cecidit.
1214 1530 1217 1535 ’

118 1608 357 1682 MONACHUSr
374 1620 507 1681 Graviter
535 1620 637 1680 cecidit
664 1623 813 1680 tentationi
834 1620 1050 1696 consentiendo,
1077 1623 1146 1695 quia

122 1705 266 1767 sicutsoris
282 1709 383 1768 habuit
404 1725 520 1768 causam
538 1708 738 1783 impellentem,
760 1710 801 1768 sic
821 1709 898 1767 intus
918 1709 1039 1784 gratiam
1060 1707 1145 1767 adiu-

121 1801 236 1855 rantem.
278 1794 361 1855 Haec
380 1794 529 1854 dictasint
551 1797 700 1854 occasione
721 1798 807 1869 pomi,
828 1803 944 1871 propter
965 1796 1043 1869 quod
1064 1796 1146 1854 eiecti

119 1887 179 1940 sunt
200 1880 236 1941 de
256 1881 389 1958 paradiso
411 1882 588 1958 protoplasti.
629 1880 831 1941 NOVIOIUS:
859 1881 925 1940 Non
945 1883 1039 1940 minus
1060 1883 1146 1940 miror

119 1967 191 2043 quod
210 1968 290 2028 Esau
312 1971 445 2042 esuriens,
467 1974 582 2043 propter
602 1968 752 2028 lenticulae
775 1968 978 2043 decoctionem,
1000 1972 1145 2045 primoge-

116 2055 172 2114 nita
192 2072 247 2114 sua
267 2054 388 2131 perdidit
410 2072 506 2114 coram
527 2055 600 2129 Deo,
623 2072 712 2129 quam
732 2054 810 2130 quod
830 2055 870 2113 illi
891 2062 1008 2131 propter
1027 2073 1146 2132 pomum

114 2141 330 2215 inobedientes,
360 2143 441 2200 eiecti
469 2148 535 2200 sunt
562 2142 598 2200 de
626 2142 768 2217 paradiso.
817 2126 1052 2202 MbNAcHUS:
1081 2143 1147 2202 Non

114 2227 277 2302 esuriendo,
305 2246 363 2286 non
397 2227 561 2286 lenticulam
588 2228 818 2304 concupiscendo
828 2226 864 2307 ³),
896 2232 1148 2306 primogenituram

112 2331 194 2374 suam
221 2314 352 2391 perdidit,
373 2315 424 2373 scd
446 2331 497 2390 per
519 2322 707 2391 contemtum,
737 2332 793 2390 quo
815 2333 875 2374 rem
896 2321 957 2374 tam
977 2318 1146 2391 pretiosam,

112 2409 172 2461 tam
193 2401 310 2479 indigno
331 2403 436 2478 pretio,
465 2403 600 2461 incitante
621 2402 704 2479 gula,
726 2402 861 2461 vendidit.
903 2401 965 2461 Nec
987 2402 1146 2462 nobishoc

111 2486 199 2548 debet
207 2485 229 2569 ⁴)
259 2505 321 2548 esse
353 2490 467 2563 terrori,
496 2491 546 2564 qui
572 2489 734 2563 frequenter
761 2489 812 2548 tali
841 2488 904 2548 cibo
934 2491 1090 2563 vescimur,
1119 2495 1147 2546 ct

111 2575 244 2635 ardenter
267 2577 413 2649 sumimus,
435 2576 502 2649 quia
515 2593 650 2652 magnum
664 2575 721 2633 Dei
741 2573 846 2633 donum
869 2581 920 2650 est,
942 2575 1057 2650 quando
1079 2577 1147 2634 viris

112 2660 255 2736 delicatis,
284 2668 437 2737 postquam
466 2664 596 2721 conversi
623 2661 727 2721 fuerint
755 2662 792 2720 ad
815 2661 974 2737 Christum,
1001 2660 1147 2721 incondita
1186 2676 1193 2689 ‘

111 2740 302 2825 pulmentaria
314 2749 489 2824 leguminum
506 2754 655 2808 vertuntru
670 2751 699 2806 in
722 2750 891 2808 convivium.
934 2747 1013 2808 Audi
1034 2748 1069 2808 de
1090 2748 1146 2807 hcc

112 2835 235 2896 verbum
255 2837 325 2895 satis
345 2834 508 2894 iocundum.

416 3023 647 3085 CAPITULUM
673 3024 845 3085 LXXVIII.

110 3147 159 3205 Dc
180 3145 274 3206 tathaee
296 3150 412 3225 granis,
435 3146 541 3223 quibus
562 3144 662 3205 Abbas
685 3145 855 3207 Gist'lbectus
876 3165 906 3207 sc
928 3148 1046 3207 condire
1068 3149 1145 3206 dice·

391 3233 442 3292 bat
457 3235 614 3310 palmento
634 3235 857 3294 monachorum.

177 3372 222 3432 Eo
244 3379 371 3448 tempore
394 3391 451 3448 quo
474 3372 576 3431 milites
605 3372 645 3431 illi
673 3373 786 3432 honesti
814 3376 892 3433 etin
914 3374 1030 3434 saeculo
1052 3375 1145 3431 nomi-

113 3462 181 3534 nati,
202 3458 457 3520 videlicetUlricus
469 3466 657 3536 cognomento
669 3460 779 3536 Flesse,
801 3457 862 3540 et.⁶)
881 3459 1025 3520 (berardus
1036 3475 1145 3536 cogno-

133 3611 164 3681 1)
181 3610 202 3663 B
219 3611 278 3664 Dei
299 3612 415 3680 gratia.
435 3642 465 3650 -
491 3610 523 3678 2)
546 3610 567 3663 D
590 3612 833 3680 coangustiato.
853 3641 883 3650 -
909 3611 941 3679 3)
958 3609 1023 3664 ADP
1041 3590 1145 3661 conre-
1204 3634 1206 3639 <

181 3679 296 3733 dendo.
315 3710 345 3721 -
364 3681 397 3750 4)
414 3680 455 3734 Be
473 3680 571 3733 debet
588 3680 655 3734 hoc.
674 3712 705 3722 —
726 3681 758 3749 5)
775 3689 807 3732 ct
824 3695 865 3733 om
882 3679 931 3734 Bc.
