2438 4170
406 122 490 233 ”nn
504 161 793 223 snffmomum.
1063 163 1124 221 err

394 291 396 294 ‘
423 274 656 380 currrmuu
678 319 795 380 xxm.

148 442 286 519 Defert
309 441 482 518 apotibulo
505 442 635 514 liberato,
659 450 686 501 et
708 442 805 500 denuo
826 458 974 516 cospeano,
997 441 1069 500 dum

313 547 401 589 eoum
423 529 609 588 liberatorem
630 533 730 604 inique
750 533 906 604 impeteret.

157 650 318 710 Canonieus
340 648 456 724 quidam
477 651 569 707 sancti
589 648 723 708 Andreae
749 650 779 707 in
802 634 935 723 Colonia,
963 650 1036 709 sicut
1057 648 1127 707 mihi

92 737 188 798 retulit
214 739 350 813 magister
371 737 499 795 Renerus
529 739 589 795 eins
618 739 841 811 concanonicus,
871 736 908 795 ad
938 735 1127 812 colligendam

91 823 241 885 cuiusdam
262 822 399 883 ecclesiae
420 840 490 882 suae
506 818 522 902 ¹)
545 823 685 881 decimam
697 822 814 899 singulis
828 825 910 882 annis
929 825 1041 881 mittere
1056 840 1127 882 con·

90 913 187 971 suevit
215 928 329 970 servum
356 928 441 969 suum
453 906 483 988 ²).
533 907 589 984 Qui
612 915 678 967 ante
697 909 841 984 quoddam
855 908 1016 984 patibulum
1030 916 1126 968 trans-

88 999 167 1072 iens,
196 1003 226 1057 et
252 997 396 1055 hominem
427 1002 555 1055 recenter
582 999 612 1053 in
634 1013 667 1054 eo
689 1014 849 1071 appensum
870 995 1127 1072 adhuepalpitare

88 1101 226 1158 cernens,
247 1084 439 1143 misericordia
459 1089 569 1157 motus,
596 1082 732 1157 laqueum
754 1079 882 1162 gladio³)
904 1082 1017 1158 incidit,
1039 1089 1127 1158 atque

58 1214 63 1223 ·
87 1171 181 1232 allata
201 1188 278 1245 aqua
298 1171 474 1230 refocillavit.
512 1168 568 1245 Qui
588 1172 719 1228 resumtis
734 1173 850 1245 viribus,
872 1169 949 1230 mala
969 1186 1021 1245 pro
1044 1170 1127 1229 bonis

88 1259 261 1331 retribuens,
283 1258 321 1317 ad
342 1260 500 1333 proximam
520 1257 619 1315 villam
639 1256 821 1316 liberatorem
842 1275 926 1316 suum
948 1264 1076 1332 secutus,
1097 1259 1127 1315 in

89 1347 159 1421 equi
180 1346 241 1404 eius
261 1345 371 1403 frenum
392 1362 510 1402 manum
530 1346 621 1418 misit,
643 1350 672 1402 ct
693 1346 759 1419 quia
787 1345 909 1404 cundem
931 1345 985 1403 sibi
1005 1346 1036 1402 vi
1057 1345 1127 1403 abs-

90 1432 214 1506 tulisset,
231 1432 403 1490 vociferatus
428 1438 480 1490 cst.
512 1431 582 1489 Mox
596 1430 725 1490 homines
740 1433 960 1506 circumquaque
973 1448 1126 1490 accurren-

88 1525 152 1594 tes,
174 1524 204 1577 et
232 1517 267 1576 de
288 1521 389 1593 rapina
409 1518 570 1592 frementes,
591 1519 651 1576 sine
673 1517 817 1576 audientia
837 1521 970 1577 iuvenem
991 1517 1029 1575 ad
1051 1517 1127 1576 idem

89 1605 267 1683 patibulum,
297 1605 332 1664 de
354 1622 412 1679 quo
433 1605 524 1663 suerat
545 1605 590 1662 fur
612 1603 772 1680 depositus,
802 1605 949 1663 duxemnt.
992 1604 1126 1663 Nondum

89 1693 222 1753 homines
255 1691 369 1751 alterius
396 1692 490 1766 villae,
519 1694 567 1765 qui
589 1691 626 1750 ad
656 1690 840 1766 suspendium
871 1694 929 1750 iam
960 1690 1028 1749 dicti
1059 1692 1126 1750 furis

90 1780 295 1855 confluxerant,
323 1779 407 1854 plene
433 1781 540 1837 reversi
560 1773 715 1856 fuerant⁴);
745 1785 774 1836 et
802 1794 869 1837 ecce
892 1794 1060 1836 concursum
1088 1777 1127 1836 ad

89 1865 269 1944 patibulum,
291 1865 368 1940 quod
390 1882 540 1925 commune
562 1871 622 1924 erat
643 1867 754 1940 utrique
776 1865 876 1938 villae,
896 1864 1035 1938 ridentes,
1054 1871 1127 1924 nutu

90 1953 149 2013 Dei
177 1955 283 2013 reversi
312 1960 391 2027 sunt,
425 1969 542 2011 causam
572 1954 786 2028 interrogantes.
834 1952 914 2010 Data
945 1956 989 2010 est
1019 1949 1128 2009 homini

89 2042 174 2117 copia
194 2039 337 2114 loquendi.
378 2040 457 2115 Ego,
488 2041 588 2114 inquit,
609 2037 754 2097 hominem
774 2041 861 2097 istum
882 2037 918 2097 dc
939 2037 995 2096 hoc
1008 2034 1027 2117 ⁵)
1049 2040 1127 2113 pati·

88 2127 159 2188 bulo
180 2127 315 2202 liberavi,
338 2133 366 2186 et
388 2143 455 2186 ecce
475 2133 536 2185 tam
556 2127 686 2199 iniquum
707 2125 878 2185 beneficium
898 2124 1029 2202 rependit
1049 2125 1126 2183 mihi.

90 2214 184 2291 Quem
205 2214 245 2272 illi
272 2214 484 2274 considerantes
506 2220 535 2273 et
557 2218 778 2290 cognoscentes,
808 2213 933 2273 secundo
956 2231 1022 2272 eum
1043 2212 1128 2288 plene

90 2301 308 2379 suspendemnt,
328 2308 357 2362 et
377 2301 515 2361 liberatus
537 2307 580 2360 est
601 2304 718 2378 sanguis
739 2303 881 2361 innoxius.

427 2439 663 2551 oAPITULUM
686 2491 790 2550 XXV.

88 2572 90 2577 λ
112 2617 160 2675 Dc
180 2615 259 2691 falec
276 2615 435 2688 pereqrmo
455 2616 534 2671 tusto
556 2613 614 2669 Dei
635 2613 743 2671 iudicio
764 2628 919 2686 sermome,
942 2610 1014 2669 dom
1035 2628 1105 2668 oero
1153 2626 1157 2633 ·

314 2701 474 2774 peroptimo
494 2697 573 2773 furti
594 2701 704 2756 crimea
723 2701 904 2772 impiaperet.

155 2821 222 2879 Non
250 2825 294 2878 est
314 2818 378 2894 diu,
410 2817 488 2894 quod
515 2820 671 2895 peregrinis
700 2817 872 2895 quibusdam
902 2817 936 2876 dc
957 2815 1129 2876 Alamannia

53 2970 56 2975 ,
90 2908 130 2970 ad
152 2907 249 2965 limina
271 2908 362 2964 sancti
381 2904 487 2965 Jacobi
507 2906 704 2980 tendentibus,
732 2905 821 2964 salsus
844 2901 917 2984 eis⁶)
938 2905 1024 2964 frater
1043 2910 1128 2964 nocte
1152 2951 1154 2956 .

90 2992 218 3073 quadam
246 2991 306 3073 se²)
336 2995 463 3052 sociarit.
505 2993 593 3052 Mane
621 2994 790 3052 excuntibus
818 2992 854 3052 de
876 2992 1008 3067 hospitio,
1036 3007 1128 3067 usquc

90 3082 129 3144 ad
150 3087 264 3159 portam
291 3081 413 3139 civitatis
441 3081 505 3139 illos
526 3088 656 3155 secutus,
684 3083 733 3140 uni
761 3079 873 3138 illorum
894 3096 996 3138 manus
1017 3080 1128 3152 iniecit,

59 3181 62 3189 ’
91 3169 219 3231 clamans
241 3168 296 3227 sibi
317 3184 423 3242 equum
446 3168 567 3227 eundem
600 3168 637 3227 ab
660 3184 695 3227 eo
716 3166 846 3227 ablatum
856 3162 888 3246 ⁸).
929 3165 968 3224 Et
989 3163 1129 3241 compulsi

91 3262 159 3317 sunt
179 3255 271 3315 redire
299 3256 328 3311 in
349 3253 505 3329 hospitium
537 3273 555 3313 a
575 3254 678 3314 iudice.
721 3253 952 3314 Testificantibus
973 3253 1129 3330 peregrinis

111 3390 143 3459 1)
160 3406 238 3443 suae
264 3387 315 3441 add
336 3387 436 3440 Bo-
465 3385 497 3457 2)
514 3388 535 3440 B
553 3404 679 3441 servum
705 3405 797 3440 auum
823 3395 1057 3449 consueverat,
1082 3384 1128 3437 Al)

162 3462 334 3513 consuevit
351 3473 496 3522 servum,
514 3458 679 3510 Geervnm
697 3459 932 3510 consucvit—
952 3457 984 3523 3)
1003 3455 1044 3508 BG
1061 3455 1128 3522 gla-

161 3529 214 3581 dio
237 3529 441 3597 laqueum-
461 3529 494 3596 4)
512 3528 576 3580 ADP
598 3528 734 3581 nondum
758 3536 854 3579 erent
877 3527 1026 3579 homiues
1048 3524 1128 3575 alte·

161 3601 229 3652 rius
255 3597 358 3651 villae
390 3596 483 3666 plene
509 3600 652 3663 reversi,
682 3599 795 3666 qui-
823 3597 1128 3649 confluxerant.-

162 3667 461 3737 5-).boeeddBG
485 3667 763 3737 6)eieomBG-
783 3664 1077 3743 ὈΒΟεοίΙΙίεμ-
1044 3661 1118 3716 -8

162 3737 277 3792 liene
299 3736 444 3825 ablatum.
