2438 4170
199 226 215 280 6
526 219 752 281 DISTINCTIO
771 220 899 281 PRIMA

197 343 355 402 secundum
376 343 491 418 regulae
512 352 706 419 praeceptum.
750 343 836 403 Anno
857 345 942 420 igitur
954 338 971 422 ¹)
991 341 1162 403 Dominicae
1186 342 1217 400 in

198 433 369 490 carnationis
389 431 538 489 millesimo
560 434 744 507 nonagesimo
766 437 888 504 octavo,
910 429 1081 489 venerabilis
1100 429 1216 507 Hugo'

199 517 398 594 Lugdunensis
408 514 428 596 ²)
457 517 603 576 Ecclesiae
624 518 759 593 Episcopi
787 524 816 576 et
848 525 916 576 tune
944 516 1026 576 Sedis
1047 515 1216 592 Apostolica

200 605 302 680 legati,
330 611 416 678 atque
424 601 445 683 ³)
478 605 601 679 religiosi
632 607 685 662 viri
716 604 836 663 Walteri
863 603 1059 663 Cabilonensis
1079 603 1219 662 Antisti'

200 708 254 749 nec
286 709 344 749 non
374 697 402 749 et
435 690 580 749 clarissimi
601 692 738 765 Principis
749 688 771 770 4)
795 688 903 750 Odonis
924 691 1015 749 Ducis
1034 690 1215 767 Burgundio

201 779 264 837 ireti
273 774 292 857 ⁵)
304 777 428 850 consilio,
450 781 619 837 auctoritate
638 779 773 852 roborati,
793 780 822 835 in
843 778 988 854 praedicto
1009 777 1074 836 loco
1085 779 1216 836 abbati

202 873 364 925 construere
386 872 549 939 coeperunt
590 865 628 922 Et
650 866 717 939 quia
738 866 916 937 coenobium,
938 864 973 923 dc
996 882 1053 939 quo
1068 866 1209 924 exierunt

202 958 395 1010 constructum
416 952 508 1011 hietat
532 954 561 1010 in
589 952 697 1010 honore
725 953 829 1011 beatae
855 951 912 1010 Dei
937 953 1080 1028 genitricis
1107 950 1218 1010 Mariae

201 1047 261 1097 tam
281 1042 336 1114 ipsi
357 1056 444 1114 quam
466 1056 563 1098 eorum
584 1055 772 1113 successores,
794 1038 829 1096 de
851 1039 953 1097 eodem
973 1056 1048 1097 novo
1060 1039 1215 1098 monasteri

201 1128 365 1202 propagati,
394 1116 492 1185 omnes
521 1143 588 1184 suas
609 1125 744 1185 ecclesias
763 1128 793 1184 in
814 1125 921 1185 honore
943 1125 1071 1184 eiusdem
1092 1125 1217 1202 gloriosa

201 1214 326 1289 Virginis
335 1210 354 1291 ⁷)
378 1219 548 1271 censuerunt
569 1230 631 1271 csse
653 1212 834 1271 dedicandas.
876 1213 941 1271 Non
962 1212 1052 1271 multo
1070 1218 1146 1288 post,
1167 1230 1184 1271 c
1211 1238 1216 1264 ι

200 1298 335 1358 instantia
354 1300 501 1358 monachis
522 1299 754 1358 Molismensibus
775 1299 921 1359 Abbatem
946 1317 1030 1358 suum
1062 1301 1217 1374 requirenti

201 1388 271 1460 bus,
306 1389 385 1445 iussu
414 1385 531 1446 secundi
559 1385 683 1460 Urbani,
719 1404 858 1446 consensu
886 1386 1007 1446 Walteri
1021 1406 1023 1410 ⁸
1036 1385 1217 1446 Cabilonens'

200 1474 336 1549 Episcopi
356 1473 506 1547 reducitur,
528 1480 557 1531 et
577 1473 728 1532 Albericus
749 1477 793 1532 vir
814 1481 929 1532 sanctus
950 1491 985 1533 ac
1005 1474 1155 1550 religiosus
1173 1476 1212 1533 ei

201 1557 294 1640 locol)
317 1562 503 1619 substituitur.
548 1559 636 1619 Cuius
656 1559 852 1633 sollicitudine,
873 1560 930 1620 Dei
950 1564 1219 1638 gratiacooperant

200 1666 258 1707 non
279 1648 458 1707 mediocriter
478 1646 560 1706 vallis
581 1643 658 1726 illa⁹)
681 1647 788 1722 claruit,
811 1654 840 1706 et
859 1651 889 1705 in
906 1644 934 1727 ¹⁰)
956 1648 1042 1707 rebus
1066 1665 1178 1708 necess
1201 1650 1218 1662 '⁶

201 1738 297 1795 crevit
341 1735 404 1810 Quo
427 1735 577 1808 defuncto,
608 1734 770 1809 Stephanus
791 1737 835 1792 vir
855 1751 947 1810 aeque
968 1741 1085 1794 sanctus
1102 1732 1146 1815 ¹¹),
1179 1753 1209 1793 n:

201 1825 277 1882 tione
286 1821 434 1898 Anglicus,
456 1823 602 1881 successit.
643 1823 682 1881 Et
703 1839 769 1880 oum
789 1821 884 1880 adbuc
905 1828 1000 1881 essent
1020 1825 1107 1898 pauci
1126 1819 1156 1901 ¹²)
1176 1840 1197 1881 n

201 1927 295 1984 mero,
326 1911 454 1984 personis
475 1908 669 1967 saecularibus
690 1909 892 1967 venerantibus
912 1911 942 1967 in
964 1911 1004 1967 eis
1025 1911 1103 1969 ritae
1125 1911 1217 1969 sancti

200 2003 303 2070 tatem,
334 1994 386 2054 sed
406 1996 624 2054 abhorrentibus
645 1993 672 2075 ¹³)
695 1999 904 2070 austeritatem,
932 2002 1048 2056 sanctus
1068 1996 1200 2056 Bernard

200 2101 274 2142 anno
306 2085 404 2157 quinto
439 2081 548 2141 decimo
579 2100 644 2141 oum
678 2086 792 2158 triginta
820 2083 908 2142 ferme
937 2085 1021 2142 sociis
1046 2083 1176 2158 advenit,
1212 2106 1219 2135 ·.

200 2173 283 2230 suavi
303 2173 370 2245 iugo
394 2169 497 2228 Christi
517 2168 624 2228 ibidem
653 2170 757 2228 collum
785 2171 924 2229 submisit.
966 2171 1011 2229 Ex
1037 2170 1108 2230 tunc*
1140 2187 1211 2246 coep

202 2261 286 2317 vinea
305 2257 355 2315 illa
364 2257 482 2315 Domini
505 2255 635 2315 Sabaoth
656 2252 684 2336 ¹⁴)
708 2274 835 2316 crescere
858 2275 893 2316 ao
916 2257 1035 2332 dilatari,
1057 2265 1145 2332 atque
1166 2256 1216 2332 pal

200 2346 283 2404 mites
304 2361 373 2402 suos
394 2343 547 2402 extendere
568 2361 586 2402 a
607 2347 678 2402 mari
700 2361 791 2419 usquc
820 2344 858 2402 ad
889 2363 971 2414 mare¹
986 2341 1028 2424 ¹⁵),
1062 2352 1091 2404 et
1117 2343 1204 2420 imple

202 2438 245 2491 cst
266 2437 340 2490 terra
360 2433 540 2506 possessione
563 2433 632 2489 eius.
667 2431 780 2490 Primae
803 2434 862 2490 eius
873 2434 1043 2508 propagines
1064 2427 1106 2511 '⁶):
1128 2432 1217 2490 Firmi

104 2543 106 2547 ¹
200 2525 254 2592 tas,
274 2519 481 2592 Pontiniacum,
505 2516 690 2592 Claravallis,
712 2518 911 2577 Morimundus
933 2516 970 2598 ¹⁷).
1012 2519 1136 2578 Istarum
1159 2537 1218 2595 qua

200 2613 265 2665 tuor
286 2605 436 2664 domorum
456 2604 588 2664 Abbatos
609 2611 706 2663 tantae
727 2608 902 2664 auctoritatis
924 2613 1005 2679 sunt,
1032 2613 1065 2664 ut
1085 2605 1203 2665 Abbate

202 2692 417 2752 cisterciensem
438 2699 549 2768 patrem
571 2710 655 2750 suum
673 2688 701 2771 ¹³)
725 2695 839 2751 visitent
861 2693 945 2750 simul
968 2700 996 2752 et
1016 2693 1213 2770 singillatima

201 2796 235 2839 eo
267 2798 352 2839 versa
380 2783 444 2839 vice
473 2781 629 2838 visitentur.
672 2778 873 2838 NOVICIUS:
907 2779 983 2854 Quid
1011 2787 1054 2838 est
1082 2783 1207 2839 visitatio

199 2866 433 2927 MONAGHUS:
456 2866 630 2941 Disciplinae
653 2869 830 2926 conservatio
850 2863 887 2945 ¹⁹).
921 2865 988 2925 Duo
1011 2868 1086 2925 enim
1099 2869 1218 2943 primiti

198 2960 293 3029 patres
314 2956 494 3012 instituerunt
515 2953 553 3011 ad
574 2956 708 3013 vitiomm
730 2957 930 3012 correctionem
954 2961 983 3013 et
1015 2956 1140 3013 caritatis
1163 2971 1216 3013 con

198 3043 388 3100 servationem
402 3037 434 3118 ²⁰)
456 3039 590 3099 videlicet
611 3042 743 3116 gencrale
767 3041 929 3116 Capitulum
958 3047 986 3099 et
1012 3041 1131 3118 singulis
1153 3043 1218 3099 anni

216 3176 246 3243 ¹³
265 3172 477 3309 illibi
506 3203 537 3293 ῖς
549 3174 654 3296 οἲέΡ
672 3175 958 3312 hillidii?
973 3173 1219 3311 diligatis·

268 3343 298 3352 -
318 3313 350 3379 7]
368 3311 389 3363 l)
407 3311 456 3362 odd
475 3260 604 3364 dariae.
625 3344 655 3352 -
680 3315 711 3381 8)
731 3315 801 3365 cius
824 3314 897 3366 loco
922 3331 962 3364 orn
980 3314 1007 3364 G.
1028 3341 1059 3352 -
1084 3314 1116 3383 9)
1135 3312 1215 3365 valli

267 3382 324 3433 illn
348 3381 424 3432 hahet
447 3381 466 3433 G
490 3392 547 3433 onte
575 3383 636 3435 [lei.
657 3413 688 3422 -
715 3385 813 3452 lOJin
837 3401 877 3435 orn
896 3384 923 3436 0.
943 3413 974 3422 -
1001 3382 1086 3450 tt)c
1109 3399 1212 3452 aequa

267 3453 476 3515 sanctitatis,
494 3455 587 3504 omisso
606 3456 662 3505 vir.
681 3484 712 3493 —
736 3455 780 3521 12)
799 3453 818 3505 C
838 3455 930 3521 pauci
954 3453 1195 3521 essent-13)

267 3521 316 3571 add
334 3522 430 3572 vitae.
451 3551 481 3559 -
511 3523 559 3589 14)
583 3523 603 3574 C
628 3525 720 3575 vineo
746 3523 869 3575 Domini
894 3523 1035 3576 Sabaoth
1060 3525 1180 3589 coepit.

268 3592 314 3658 15)
332 3590 397 3652 Psal,
415 3591 458 3649 79,
477 3592 526 3654 123
546 3593 611 3643 conl.
629 3592 718 3644 llonril.
736 3593 766 3644 ll.
785 3609 809 3659 p.
829 3594 870 3644 27.
890 3624 921 3633 —
951 3593 998 3659 16)
1016 3593 1036 3643 Β
1055 3608 1134 3660 ergo
1160 3608 1218 3660 pro

265 3663 418 3728 paginas,
441 3660 462 3712 G
485 3665 683 3729 propagines
707 3664 785 3714 eius.
806 3692 836 3702 —
863 3663 911 3731 17)
929 3663 990 3714 ubl>
1012 3661 1219 3714 Morimundi

267 3730 740 3797 -18JpntrcmsuumomDR
761 3762 792 3772 -
813 3733 861 3802 19)
879 3733 901 3786 l)
919 3732 1119 3786 observatio.
1132 3762 1163 3772 -
1183 3732 1217 3784 20

263 3800 283 3853 G
301 3800 572 3854 observationem.
