2438 4170
93 249 154 308 194
392 244 621 308 DISTINCTIO
638 245 805 324 QUARTA

89 370 266 428 universitas
286 369 460 442 miquitatis.
503 368 626 444 Liapua
648 373 839 429 constituitur
858 372 893 429 iu
912 369 1048 431 membris
1064 387 1107 431 ao·

91 458 166 527 stris,
190 472 267 529 quaa
288 455 422 513 maculat
439 462 535 514 totum
557 472 663 530 corpus
676 460 987 531 nativitatisuostras,
1007 458 1104 535 iadau

90 549 174 600 ruata
196 559 216 598 a
237 541 370 616 peheuaa
386 539 414 618 ¹).
456 540 660 602 NOVICIUS:
682 543 728 601 lta
747 561 794 602 me
816 550 868 602 tua
888 549 981 603 terret
996 539 1101 623 oratioe),

90 635 122 686 ut
142 644 300 703 proponam
313 631 428 686 omnino
450 645 509 686 non
531 631 615 688 irasci
635 630 768 689 iratribus
789 633 870 689 meis·
892 629 1098 690 MONACHUS:

90 716 172 774 Tunc
193 715 296 773 beatus
318 717 380 772 eris.
426 715 484 792 Qui
505 723 613 788 autari,
636 723 668 774 ut
689 719 730 774 ait
749 716 827 775 idem
850 716 1016 792 Apostolus,
1029 723 1096 793 putot

89 820 119 860 sc
139 804 308 877 adipiosum
330 820 395 874 csse,
417 801 646 877 aaarcfreuaas
661 794 796 877 liapuam
810 821 906 877 mam,
927 804 1095 863 sodscducm

90 906 141 947 cor
162 907 266 959 suum,
293 889 381 946 huius
410 906 491 946 aaua
514 896 555 947 cst
576 891 677 964 calipto
690 887 731 963 ³),
759 890 790 947 id
812 896 871 965 est,
892 890 996 950 inutilis
1016 896 1040 948 et
1055 892 1093 948 ia-

89 975 205 1034 munda.
248 975 371 1049 Liupua
392 978 556 1049 inquietum
577 977 693 1034 matum
716 983 775 1056 est,
793 978 887 1052 pleaa
908 995 1016 1036 ummo
1033 993 1093 1049 mor<

90 1062 186 1137 ufaro.
228 1063 268 1119 Ia
295 1065 361 1136 ipsa
390 1060 582 1120 baudicimus
603 1063 703 1121 Deum
726 1070 753 1122 ct
774 1065 916 1137 Patrem,
946 1071 974 1122 et
998 1067 1027 1122 ia
1047 1066 1091 1139 ipa

89 1150 290 1207 maledicimus
311 1149 449 1221 homiues,
472 1152 524 1224 qui
546 1148 588 1206 ad
607 1150 828 1208 similitudinum
840 1152 901 1209 Da·
920 1150 993 1227 facti
1010 1144 1091 1227 cmii).

90 1235 175 1296 Unde
197 1234 266 1294 alibi
289 1238 426 1309 scriptum
456 1241 500 1307 est
529 1235 564 1294 de
593 1235 656 1294 illa:
688 1235 772 1294 Mors
801 1241 968 1296 stactam
985 1234 1091 1296 mmm

91 1324 211 1398 tiupuae
223 1320 254 1392 ⁵).
299 1321 502 1381 NOVICIUS:
536 1322 601 1397 Qua
624 1322 806 1382 similitudine
830 1323 931 1383 dicitur
951 1323 1038 1401 lingue
1052 1320 1089 1381 ht·

89 1410 157 1468 bere
179 1407 302 1466 manus?
346 1408 581 1468 MONAOHUS:
604 1409 679 1485 Quia
696 1427 783 1485 saepe
805 1428 896 1470 causa
916 1413 1010 1470 mortis
1027 1408 1089 1469 cffici-

88 1503 135 1554 tur
156 1497 268 1571 corpori
291 1501 319 1554 et
340 1497 467 1570 animae,
494 1495 621 1554 siluerit
644 1495 729 1573 dura,
752 1499 921 1558 vitaevero
942 1492 1089 1573 utrique,d

29 1574 32 1579 ’
87 1583 172 1642 fuerit
199 1582 292 1641 mollis
315 1588 343 1640 et
364 1585 497 1659 gratiosa.
541 1581 623 1641 Unde
646 1583 798 1643 Salomon:
841 1584 1001 1661 Respomio
1022 1580 1088 1640 uas

79 1673 206 1745 'mitipat
226 1673 320 1744 iram,-
340 1687 435 1727 sermo
458 1670 552 1728 durus
573 1673 696 1729 suscitat
715 1668 896 1746 furorcm'⁶).
935 1670 999 1730 Hoc
1015 1666 1088 1744 impls-

88 1763 150 1816 tum
172 1759 257 1816 estin
269 1755 375 1815 David.
407 1755 506 1817 Sermo
523 1755 609 1815 durus
624 1756 718 1816 Nabal
731 1760 760 1815 in
782 1774 882 1817 necem
896 1760 1030 1834 propriam
1044 1752 1087 1831 git·

89 1844 169 1903 dium
190 1844 283 1902 sidem
303 1845 436 1919 porrexit,
459 1860 544 1918 quem
566 1860 659 1902 sermo
682 1850 813 1903 sensatus
832 1843 951 1921 Abigail
970 1832 1088 1919 retrarist

88 1931 127 1989 Et
149 1933 216 2006 quia
236 1933 266 1988 in
287 1932 419 1990 manibus
441 1930 554 2006 linguae
577 1946 653 1988 mors
676 1937 727 2005 est,
750 1930 868 1990 Creator
889 1929 1087 2007 prudentissima

90 2016 233 2093 duplicem
256 2019 281 2075 ei
302 2035 423 2091 murum,
446 2034 560 2076 osseum
582 2018 690 2076 scilicet
712 2023 740 2077 et
763 2035 906 2093 carneum,
927 2018 958 2076 id
979 2022 1022 2091 est,
1039 2012 1087 2073 da·

88 2109 133 2163 tes
155 2110 184 2163 et
204 2103 289 2179 labia,
311 2107 487 2179 anteposuit,
509 2110 626 2179 propter
646 2107 736 2163 vitam
746 2121 814 2164 voro
828 2113 980 2180 utrumque
993 2102 1087 2180 pervim

88 2191 163 2250 lesit.
195 2191 290 2266 Loqui
313 2192 347 2250 do
370 2188 483 2269 11011113)
507 2191 592 2249 vitale
616 2196 667 2249 est.
699 2190 905 2252 NOVICIUS:
926 2192 1019 2252 Placet
1036 2178 1086 2264 qud

91 2277 170 2338 dieis.
212 2277 448 2337 MONACHUS:
471 2277 553 2337 Haec
576 2278 612 2337 de
633 2280 676 2337 ira
699 2277 860 2337 dictasint.

422 2467 655 2529 surruptum
686 2469 804 2528 xxm.
854 2447 859 2456 '

374 2592 422 2650 De
443 2591 555 2650 inuidia
578 2598 605 2650 et
630 2591 747 2667 filiabus
770 2594 839 2681 cius.

153 2733 217 2792 Irae
240 2730 367 2791 succedit
388 2730 511 2805 invidia,
539 2736 567 2789 et
590 2730 624 2788 de
646 2733 709 2805 ipsa
730 2731 864 2788 nascitur.
908 2730 961 2789 Est
982 2729 1044 2789 euim
1058 2722 1089 2779 ir·

89 2819 166 2878 sidia
187 2823 230 2879 ira
250 2822 416 2893 inveterata,
439 2818 535 2876 odium
556 2813 721 2895 videlicet⁹)
743 2817 884 2876 felicitatis
907 2817 1019 2876 alienae.
1044 2807 1089 2869 Hu-

89 2910 133 2965 ius
154 2905 229 2964 filiae
243 2912 318 2979 sunt,
331 2905 428 2963 odium
444 2901 481 2983 ¹⁰),
504 2907 668 2978 susurratio,
690 2904 835 2977 detractio,
858 2905 1005 2963 exsultatio
1022 2890 1090 2958 inat

88 2995 178 3053 versis
199 2995 329 3068 proximi,
350 2993 462 3050 afflietio
485 2993 514 3047 in
535 2994 677 3065 prosperis
700 2991 835 3049 eiusdem.
878 2990 945 3050 Hoc
966 2992 1051 3050 vitium
1066 2976 1090 3037 dl

89 3079 192 3154 angelo
224 3077 369 3136 diabolum
396 3079 470 3136 feeit.
523 3077 589 3136 Hoc
618 3080 720 3137 vitium
747 3077 893 3136 hominem
926 3078 961 3137 de
991 3069 1090 3153 paradis)

27 3244 29 3249 .
90 3169 181 3224 eiecit.
202 3165 313 3224 Invidia
333 3166 407 3225 enim
422 3164 529 3223 diaboli
550 3181 627 3223 mors
641 3167 757 3223 intravit
767 3167 797 3222 in
818 3166 919 3224 orbem
932 3145 1092 3228 tinorumi-

30 3246 35 3253 ’
90 3252 185 3327 Quam
206 3270 294 3328 grave
323 3259 351 3310 ot
372 3251 563 3326 periculosum
590 3252 702 3310 sithoc
724 3254 840 3326 vitium,
869 3254 899 3310 in
920 3249 1093 3327 Epistulam

89 3338 238 3399 lohannes
266 3340 347 3398 brevi
368 3355 497 3398 sermone
527 3338 670 3398 concludit
692 3338 804 3397 dicens:
835 3340 895 3417 Qui
916 3340 977 3398 odit
994 3337 1093 3414 fratrem

108 3545 139 3612 1)
156 3544 208 3596 lac.
233 3545 263 3607 3,
286 3543 317 3605 6;
340 3542 405 3593 conl.
428 3542 516 3594 llomil.
539 3543 579 3594 lll.
602 3559 627 3608 p.
654 3542 700 3594 101
727 3559 765 3609 sq.
792 3571 823 3581 -
842 3543 874 3610 2)
898 3543 918 3596 B
941 3546 1038 3595 terret
1056 3541 1104 3585 tut

159 3616 281 3677 oratio,
304 3613 324 3665 G
344 3621 451 3664 terret
476 3614 583 3664 aratio
608 3621 670 3662 tua.
690 3641 720 3650 -
741 3612 772 3679 3)
791 3611 844 3663 lac.
864 3602 1096 3676 1,26.-1)]11

159 3685 188 3748 s,
209 3685 235 3736 s.
253 3685 279 3734 s.
299 3711 329 3721 -
350 3682 381 3749 5)
401 3681 517 3733 Proverb.
543 3683 590 3745 rs,
613 3682 655 3732 21.
678 3711 708 3720 -
730 3682 761 3749 o)
780 3681 900 3735 Proverb.
920 3684 966 3745 15,
990 3666 1096 3751 1.-1]

158 3754 220 3822 aeg.
239 3754 258 3818 1,
276 3753 318 3805 25.
339 3781 370 3790 —
389 3752 420 3818 8)
438 3750 458 3803 G
475 3751 565 3820 loqui
588 3751 741 3803 debemus
760 3751 853 3818 quod.
874 3782 904 3792 -
924 3752 955 3820 9)
972 3749 1013 3806 Bc
1028 3740 1097 3800 scill-

159 3834 206 3876 cet,
230 3854 261 3863 —
282 3822 330 3892 10)
348 3820 412 3875 11οΡ
430 3820 511 3874 odia.
531 3851 562 3860 -
584 3821 631 3890 11)
650 3821 760 3889 Sapient.
779 3821 865 3887 2,-21.
