2438 4170
357 222 368 245 ⁸
426 190 510 299 ‘ns
531 236 795 299 mundanus.
1075 240 1135 296 sm

147 359 256 437 uaedam
274 360 474 423 consolationis
493 360 639 437 impendit,
660 359 711 421 sed
732 377 834 436 parum
854 358 1015 434 illiproiuit.
1046 357 1138 419 Nocte

146 446 240 523 qudam
258 465 323 509 cnm
343 451 466 507 maxime
488 448 524 507 de
545 448 600 508 boc
621 449 750 507 novicius
772 451 942 521 tentaretur,
964 445 1035 505 vidit
1056 462 1088 503 se
1109 447 1138 503 in

147 536 224 595 sonnis
241 553 259 595 o
279 536 455 611 quibusdam·
467 535 612 609 militibus,
632 533 784 609 aliquando
795 535 915 591 inimicis
925 534 992 608 suis,
1013 531 1138 607 undique

147 618 264 697 ninum
291 639 344 681 nec
373 620 488 696 aliquod
509 621 609 698 refingii
629 637 778 696 superesse
799 619 965 679 subsidium.
1008 617 1139 693 Cumque

147 710 230 781 orne
247 708 363 768 celerius
385 726 416 767 se
431 706 447 788 ¹)
470 724 532 767 esse
554 708 725 783 capiendum
745 707 793 767 vel
812 704 1055 780 interficiendum,
1077 704 1138 764 ala·

71 832 75 839 -
146 796 210 854 mut
226 794 261 855 ad
280 796 437 854 Dominum
459 795 569 854 dicem:
597 794 734 869 Domine,
755 793 844 853 libera
865 810 912 852 me
932 795 961 851 in
982 792 1039 851 hac
1058 791 1138 850 hora

71 886 77 897 '
145 874 405 958 dtcbaumsmciens,
425 899 493 940 mox
514 880 585 940 vidit
606 884 760 941 exereitum
782 879 997 940 candidatorum
1009 877 1044 937 de
1053 878 1138 954 longe

72 1022 75 1027 ,
144 966 281 1044 venonam,
303 970 412 1044 sibique
433 971 462 1026 in
484 968 621 1027 auxilium
641 973 849 1044 properantem.
891 966 1012 1042 Signifer
1033 972 1138 1037 autem,

143 1052 386 1131 ttipraecedebat,
417 1071 469 1131 pro
501 1057 583 1131 signo
604 1055 717 1113 militari
737 1053 862 1113 Alleluia
882 1049 1054 1132 animaliter²)
1077 1052 1138 1111 cla-

141 1141 221 1216 mvn,
244 1143 343 1202 crebro
364 1142 393 1200 id
414 1147 560 1217 repetens,
582 1158 639 1217 qua
660 1141 861 1201 vociferatione
882 1140 980 1198 hostes
1001 1141 1090 1197 territi
1110 1146 1139 1197 et

140 1218 232 1300 &posi
250 1228 347 1306 fugam
377 1230 514 1303 inierunt,
545 1230 689 1288 novicium
717 1227 810 1287 solum
841 1227 1039 1302 relinquentes
1083 1225 1140 1302 Qui

137 1315 341 1391 coagalatum,
371 1332 431 1375 non
451 1314 543 1374 solum
565 1317 681 1392 gavisus
702 1321 746 1374 est
766 1333 798 1374 se
818 1315 906 1372 fuisse
926 1313 1079 1372 liberatum
1100 1313 1138 1371 ab

88 1408 92 1415 '
136 1390 190 1478 Ψ)
208 1404 252 1477 qni
272 1420 339 1462 eum
359 1401 604 1461 circumdederant
623 1404 653 1459 in
674 1409 813 1460 nocturna
833 1403 951 1474 visione,
972 1398 1039 1474 sed,
1061 1399 1138 1474 quod

131 1488 208 1561 mgis
240 1505 305 1548 curn
336 1488 476 1565 angebat,
507 1488 653 1564 praedicta
680 1488 812 1548 videlicet
839 1488 1004 1546 tentatione.
1051 1485 1138 1545 Mane

129 1572 251 1635 ittedens
272 1574 310 1636 ad
320 1575 455 1650 Priorem,
477 1574 546 1633 dixit
567 1577 593 1634 ei
605 1577 674 1634 satis
695 1574 831 1634 hilariter:
853 1574 937 1650 Rogo
948 1589 1010 1646 vos,
1025 1571 1138 1632 domine

124 1644 205 1735 Prior,
221 1668 253 1721 nt
273 1661 368 1721 adhue
389 1662 474 1720 altius
496 1667 525 1720 et
545 1661 642 1721 lortius
665 1664 784 1720 cantetis
805 1659 930 1733 Alleluia
951 1676 1037 1735 snper
1052 1668 1140 1735 caput

91 1748 217 1807 neum
256 1748 322 1810 Non
342 1766 389 1807 me
411 1749 513 1807 amodo
536 1749 663 1807 turbabit
691 1748 797 1807 elanmr
830 1746 942 1805 divinae
969 1745 1077 1822 laudis;
1110 1752 1139 1803 et

116 1832 241 1895 reniam
260 1837 287 1894 ei
307 1836 445 1895 visionem
466 1852 517 1912 per
538 1835 673 1894 ordinem.
716 1834 777 1893 Ista
797 1835 879 1893 nobis
901 1832 996 1891 rettdit
1021 1838 1138 1891 sanetae

111 1918 469 2009 ‘tmrdatomswalterus
491 1922 526 1980 de
546 1921 679 1995 Birbeeb,
701 1923 750 1995 qui
772 1919 894 1981 eundem
905 1918 1065 1978 Gerardum
1087 1914 1138 1998 et)

108 1998 188 2065 lltlit
205 2015 232 2068 et
251 2010 377 2086 agnovit.
418 2007 619 2068 NOVICIUS:
647 2007 723 2066 Puto
752 2010 837 2066 etiarn
863 2005 1014 2065 nonnullos
1035 2023 1139 2065 mona-

103 2076 186 2152 chos
204 2095 238 2154 oa
258 2097 403 2171 apostasia
424 2097 535 2154 tantae.
577 2092 811 2154 Montanus
843 2092 929 2151 uuiti
961 2092 996 2152 oa
1018 2110 1053 2152 aa
1074 2099 1139 2152 aa·
1173 2135 1175 2139 .

99 2164 216 2257 ianua,
237 2187 265 2241 et
287 2181 403 2241 auster
428 2181 611 2240 reluctantur.
653 2179 712 2238 Ain
743 2186 902 2255 tenente,
936 2186 965 2239 et
997 2186 1056 2238 tam
1084 2197 1139 2238 vo-

95 2240 219 2328 lunate
250 2286 339 2344 quam
366 2285 452 2344 opere
472 2285 587 2344 prorsus
620 2274 796 2343 superantur.
839 2266 961 2343 Quidam
984 2282 1053 2326 vero
1075 2273 1140 2325 ten-

92 2334 218 2430 lanai,
240 2362 268 2415 et
289 2362 429 2431 concepta
448 2355 604 2429 voluntate,
626 2354 727 2413 divinis
748 2353 970 2413 revelationibus
997 2355 1059 2413 sive
1091 2370 1140 2412 or-

91 2414 254 2502 ‘filiatione
274 2448 341 2502 ante
355 2459 454 2501 casum
474 2446 652 2502 revocantur.
695 2440 830 2500 Nonnulli
843 2457 911 2499 vero
924 2439 1044 2515 flagellis
1058 2439 1140 2499 cohi-

89 2499 223 2586 beam.
268 2527 469 2589 novioma:
501 2528 548 2588 na
569 2528 613 2587 na
634 2527 704 2586 mm
726 2528 803 2587 aaa
824 2525 963 2602 exempla
1006 2525 1140 2586 mosn-

88 2590 226 2674 oIIUS:
246 2614 293 2675 De
319 2617 417 2692 primis
438 2621 468 2674 et
489 2615 635 2690 secundis,
659 2617 725 2690 quia
745 2615 864 2673 tentatio
887 2630 985 2672 eorum
1006 2615 1075 2672 satis
1097 2620 1141 2672 est

89 2690 230 2777 ultim,
252 2719 309 2761 non
332 2709 375 2762 est
395 2719 513 2762 necesse
534 2703 585 2760 tibi
607 2702 699 2761 dicere
721 2700 860 2776 exempla
903 2700 950 2759 De
979 2701 1140 2759 novissimis

91 2780 182 2847 'Vero
200 2790 252 2848 tibi
273 2788 366 2850 dicam
387 2788 465 2865 quod
486 2788 592 2847 audivi.

451 2977 685 3039 onrsumuu
705 2975 805 3060 nur)

139 3098 343 3162 Demonacte
363 3105 396 3161 ia
419 3101 590 3177 Ottirbavq,
612 3105 664 3177 qut
679 3118 737 3177 per
758 3091 951 3160 taedulum:
973 3100 1119 3160 Diabolus

196 3189 359 3265 emetiatur
380 3188 556 3264 antepedes
579 3191 648 3260 etas,
670 3206 691 3245 a
713 3191 873 3247 tentatione
889 3190 1055 3262 apostasiae
1084 3258 1087 3265 .

521 3273 662 3333 liberatus
685 3280 734 3333 est.

174 3394 334 3457 Monachus
361 3395 478 3471 quidam
507 3395 543 3455 de
572 3394 733 3471 Ottirbmg,
765 3402 838 3455 teste
866 3394 980 3454 domino
1008 3393 1140 3471 Philippo

114 3478 226 3542 Abbate
248 3484 317 3558 eius,
339 3484 388 3558 qui
408 3483 481 3542 haee
502 3482 612 3557 retulit,
634 3489 693 3541 tam
715 3482 801 3541 duras
810 3478 830 3562 ⁵)
853 3484 1023 3541 tentationes
1043 3483 1140 3541 incur·

134 3596 163 3667 i)
178 3597 218 3653 ΒΡ
240 3614 274 3651 se
291 3599 445 3652 celerius.
464 3630 495 3640 -
521 3600 553 3667 2)
570 3599 631 3652 Pittt
654 3599 817 3665 finaliter,
833 3600 857 3653 Α
874 3598 1026 3664 snivalir,
1042 3598 1061 3650 B
1080 3600 1140 3649 sni-

179 3667 286 3733 vsler,
308 3668 521 3734 Cvivaliter,
544 3671 570 3720 in
588 3669 609 3721 Ι)
630 3669 778 3723 vocabulum
801 3685 888 3722 maura
913 3668 1023 3720 deletum
1040 3677 1088 3720 est.
1107 3697 1138 3706 -

179 3738 211 3807 3)
227 3738 269 3792 BG
285 3738 344 3791 bis.
367 3768 398 3779 —
421 3740 455 3862 dg
471 3748 503 3791 et
520 3738 569 3791 add
587 3739 639 3792 Al).
659 3768 690 3779 ·-
709 3739 849 3810 *)110mi1.
870 3739 911 3792 ΙΙΙ.
929 3755 955 3806 p.
974 3738 1032 3792 166.
1053 3768 1083 3778 -
1108 3735 1139 3802 5]

180 3815 240 3861 tum
258 3807 358 3861 duras
374 3806 423 3873 aod
457 3808 485 3863 0.
