2438 4170
93 236 156 297 120
408 233 636 296 emmeno
660 233 810 296 TERTIA

90 359 247 419 Meministi
267 358 323 417 hoe
339 352 355 438 ¹)
378 375 505 433 unquam
528 359 701 435 contigisse?
743 351 1011 420 MonAcHUszv

90 449 160 506 mini
183 451 212 504 et
232 446 297 523 legi,
320 452 349 504 et
369 453 402 504 ut
422 447 544 506 feminae
567 452 668 505 cautae
690 446 853 522 reddantur,
876 462 953 522 quae
975 447 1011 506 for

90 550 166 610 quae
189 534 316 592 dicturus
338 551 403 592 sum
424 533 520 610 legent
547 534 593 592 vel
620 533 750 608 audient,
779 533 894 592 diversa
923 526 1001 610 quae

91 623 271 698 contigerunt
291 622 468 697 temporibus
490 620 622 696 exempla
643 622 794 697 replicabo.
839 621 922 697 Quae
944 628 1011 680 utu

90 707 218 768 habeant
238 708 410 781 firmitatem,
431 711 510 783 prius
531 726 629 782 unum,
651 707 728 783 quod
748 707 937 767 inMiraculis
952 726 1011 768 sanc

90 795 172 856 nardi
192 796 296 872 legitur
306 792 337 875 ²),
358 797 484 854 breviter
504 798 692 871 praemittam.

450 985 683 1047 CAPITULUM
705 987 773 1046 VH.

140 1125 319 1203 Emptum
340 1127 376 1185 de
396 1129 547 1185 rniracub'e
569 1131 663 1186 eoacti
684 1127 836 1186 Bernardt
856 1127 998 1201 Abdum,

275 1213 416 1272 iacebam
439 1214 612 1273 daemonem
634 1233 654 1272 a
675 1215 795 1273 muliere
815 1213 947 1290 soponit

154 1351 259 1411 Mulier
281 1325 425 1427 uuaedam
445 1355 475 1412 in
496 1350 779 1431 regioneManuetia)
802 1370 820 1410 a
842 1353 1011 1429 quodampc

90 1437 230 1499 daemone
251 1457 302 1498 sex
325 1441 421 1515 annis,
442 1441 541 1500 habito
565 1442 624 1500 eius
647 1458 802 1514 consensu,
831 1438 1011 1499 incredibili]

89 1533 195 1589 vexata
217 1533 268 1586 est
310 1526 494 1603 Apparuerat
516 1530 541 1586 ei
562 1530 592 1584 in
614 1530 707 1603 speeie
728 1523 846 1606 valde⁴)
876 1527 989 1602 pulchri

90 1621 119 1674 et
141 1631 228 1691 saepe
261 1614 434 1674 abutebatur
463 1632 498 1673 ea
525 1616 715 1689 invisibiliter,
747 1616 847 1672 marito
879 1617 939 1673 eius
968 1617 996 1672 in

89 1700 164 1762 lecto
187 1701 326 1777 cubante,
352 1701 476 1761 lascivus
503 1702 550 1760 ille
578 1704 700 1777 spiritus.
744 1700 824 1776 Quae
846 1719 923 1759 anno
946 1700 1011 1776 seph‘

89 1805 168 1849 more
192 1796 323 1864 correpta
344 1786 426 1867 θεν).
468 1789 610 1848 Veniente
631 1791 659 1846 in
680 1788 856 1863 praedictam
871 1791 1011 1847 civitatem

88 1876 235 1937 Bernardo
259 1875 444 1935 claraevallis
465 1873 629 1955 Abbate⁶)‚
651 1877 753 1933 misera
773 1874 874 1933 mulier
896 1875 934 1933 ad
954 1872 1011 1951 ped

90 1966 204 2038 corruit,
224 1962 388 2040 passionem
410 1963 572 2021 horribilem
595 1969 623 2021 et
643 1961 865 2020 ludificationem
880 1961 1011 2022 diabolice

89 2051 186 2111 multis
207 2050 331 2110 lacrimis
354 2051 493 2122 confessa,
515 2053 640 2108 succurri
661 2049 714 2107 sibi
734 2049 881 2125 flagitavit
926 2048 954 2107 A
976 2066 1011 2125 qu

90 2137 191 2213 solata,
214 2148 242 2198 et
265 2138 333 2212 quid
355 2139 448 2196 facere
471 2138 588 2196 deberet
609 2136 726 2210 edocta,
746 2142 811 2211 post
833 2137 1011 2195 confessione]

90 2225 173 2287 bolus
196 2225 233 2284 ad
254 2225 332 2282 illam
354 2224 491 2284 accedere
512 2242 569 2282 non
591 2226 701 2299 potuit,
723 2223 774 2281 sed
795 2229 892 2283 tamen
907 2221 927 2303 ⁷)
948 2224 1011 2282 verb

90 2315 154 2387 ruit,
177 2318 205 2372 et
227 2315 294 2387 quia
315 2319 380 2387 post
403 2312 526 2371 Abbatis
549 2311 704 2369 discessum
725 2310 762 2368 ad
785 2312 845 2368 eius
868 2310 1003 2386 supplicia

89 2408 204 2474 teretur,
227 2402 362 2458 acerrime
385 2401 561 2472 rninabatur3
584 2401 624 2455 ita
645 2404 678 2455 ut
699 2401 747 2473 qui
769 2398 860 2460 fuerat
882 2405 997 2472 amator,

90 2487 214 2547 lissirnus
235 2486 315 2545 fieret
336 2493 508 2562 perseeutor.
551 2486 632 2544 Haec
655 2503 719 2543 cum
741 2491 839 2543 sancto
861 2485 1011 2544 indicasset

90 2577 167 2635 xirua
190 2574 235 2633 die
257 2573 418 2646 Daphnim,
441 2590 506 2631 cunr
529 2573 641 2631 duobus
663 2572 821 2647 Episcopis,
843 2575 970 2632 accensis
991 2588 1011 2630 cr

91 2680 156 2723 cum
179 2664 304 2721 omnium
327 2660 454 2718 fidelium
476 2662 525 2734 qui
547 2667 626 2718 erant
644 2657 1011 2735 inecclesiasubseriptionr

90 2749 288 2809 ilrematizavit
307 2736 507 2807 fornicatorem
529 2749 669 2822 spiritum,
692 2748 860 2805 auctoritate
883 2746 984 2804 Christi
1003 2750 1011 2802 1

89 2836 168 2897 illanr
190 2854 277 2912 quam
298 2836 335 2893 ad
357 2853 457 2893 omnes
472 2832 494 2914 ⁸)
516 2835 647 2894 mulieres
680 2836 705 2891 ei
727 2833 861 2909 deinceps
883 2832 1011 2892 interdice

91 2941 212 2984 cessum.
256 2923 411 2981 Exstinetis
433 2939 501 2981 vero
523 2923 577 2979 illis
589 2920 839 2980 sacramentalibus
850 2920 1011 2978 luminaribu

91 3013 180 3071 virtus
203 3009 351 3069 daemonis
375 3013 513 3068 exstincta
536 3015 590 3082 est,
613 3015 642 3066 et
662 3008 764 3065 mulier
784 3014 849 3081 post
870 3007 1011 3084 generaler

91 3098 243 3157 sosslouenr
272 3104 456 3173 pcccatorum
485 3114 601 3154 suorum
634 3097 860 3167 communicans,
895 3095 978 3170 plene
1004 3092 1011 3150 l

91 3191 142 3247 ert.
186 3184 267 3244 llaec
289 3186 392 3243 nestris
414 3184 590 3258 temporibus
605 3185 789 3257 contigerunt.
832 3179 1011 3240 NOVICIUS

91 3271 187 3351 penda
215 3277 282 3331 srrnt
310 3273 373 3330 ista.
416 3269 651 3328 MONACHUS:
683 3268 761 3326 Audi
790 3268 885 3328 adhuc
911 3269 967 3328 alia
994 3285 1011 3327 e:

91 3358 135 3421 lrla
148 3355 169 3441 r)
192 3376 266 3437 pono
289 3359 438 3431 simillima,
462 3357 551 3415 multo
574 3363 669 3415 tamen
687 3359 852 3414 recentiora

113 3548 139 3615 Ι)
158 3546 179 3601 l)
197 3545 282 3599 bueo.
297 3577 328 3585 --
341 3546 373 3613 2)
384 3545 434 3596 vir.
446 3545 472 3596 S.
484 3543 604 3596 Bernard.
616 3544 647 3606 ll,
665 3544 688 3594 6.
702 3561 726 3610 p.
740 3543 791 3594 834
809 3560 846 3610 sq.
859 3573 888 3580 -
903 3543 934 3607 3)
952 3543 973 3594 Α
990 3540 1011 3592 il

161 3618 199 3679 tl,
227 3616 412 3670 llllnrrncti.
459 3614 577 3677 intelligit
600 3621 687 3665 auctor
712 3613 798 3663 urbem
823 3629 888 3681 quae
905 3612 979 3663 hodie
1004 3610 1011 3662 l

160 3684 258 3741 dicitur.
338 3685 370 3749 4)
389 3685 484 3736 valde
511 3684 559 3735 add
585 3683 657 3735 nnn.
678 3713 706 3722 -
736 3683 768 3748 5)
786 3691 837 3733 est
864 3681 911 3732 add
931 3681 957 3732 B.
978 3710 1007 3720 -

161 3756 287 3813 hhbtto
312 3754 540 3809 Glurnevallis.
560 3785 592 3794 -
611 3755 643 3821 7)
662 3753 702 3804 Bc
719 3761 856 3814 tontum3
881 3767 937 3802 mox
955 3750 997 3802 hl)

159 3844 225 3883 euru
253 3825 382 3881 terruit.
402 3855 431 3866 -
451 3825 485 3894 8)
502 3825 524 3876 u
541 3839 650 3875 omnes
673 3822 761 3873 alies.
782 3851 811 3861 -
832 3822 864 3890 9)
883 3822 946 3873 torte
963 3819 1011 3870 hul
