2460 4162
125 228 164 285 ³2
450 217 676 283 DISTINCTIO
697 223 827 284 PRIMA

125 347 200 406 enim
220 346 302 403 novit
323 361 438 403 sensum
459 345 585 418 Domini,
606 352 657 404 ant
679 347 742 420 quis
764 344 941 404 consiliarius
962 346 1024 403 eius
1050 344 1104 402 luit
1118 341 1159 423 ¹)?

124 432 261 491 Attamen
283 449 357 506 quae
379 435 510 506 superius
524 434 618 506 posita
632 429 653 510 ²)
676 437 751 505 sunt,
772 432 1158 506 scriptruarnmauctoritate

73 540 78 546 ·
124 520 295 591 roborantur
307 515 337 596 ³).
380 517 503 577 Sanctus
525 518 583 578 Job
606 519 642 577 de
663 519 783 578 hominis
804 518 993 577 mutabilitate
1018 517 1156 592 loquens,

94 647 101 667 .
124 606 191 665 dicit
200 606 280 664 Deo:
307 604 490 664 Oocmtituicti
512 609 650 664 ternanos
673 609 741 678 aas,
761 609 992 679 pulpamenta
1011 623 1074 663 non
1085 610 1156 680 pot-

125 687 256 765 ernost).
299 691 376 750 Ecce
396 692 426 748 in
453 691 508 750 hoc
536 691 600 750 loco
633 692 739 765 habes,
768 692 874 751 homini
888 688 908 770 ⁵)
929 693 1080 750 terminum
1109 692 1157 749 vi-

123 779 208 838 vendi
229 778 321 837 aDeo
345 781 539 852 constitutum,
561 784 590 836 et
611 779 689 852 qnod
710 778 786 836 idem
807 779 943 836 terminus
963 781 1156 852 intransgres-

122 866 210 925 sibilis
232 866 277 924 sit.
320 864 405 940 Quod
432 883 502 924 vero
531 865 652 924 cundem
681 867 833 923 terminum
861 859 1068 942 quandoque&
1091 865 1156 938 quis

122 951 197 1012 male
218 951 342 1010 vivendo
363 955 468 1026 poterit
487 955 729 1027 praeanticipare,
750 954 831 1013 testis
845 959 896 1009 est
916 951 1085 1024 Psalmista,
1107 951 1157 1024 qui

123 1038 204 1097 dicit:
232 1040 296 1096 Vici
317 1042 498 1113 canendnum
520 1045 548 1096 et
569 1039 662 1096 dolosi
682 1057 744 1098 non
766 1033 1155 1112 dImidiabuntdiecauoa⁷).

48 1171 57 1190 .
122 1125 153 1185 Si
173 1143 232 1184 non
254 1124 417 1183 conceditur
439 1129 480 1183 eis
507 1126 582 1199 dies,
614 1126 717 1200 quibus
745 1126 842 1183 vivere
871 1131 1018 1198 poterant,
1046 1126 1072 1182 si
1096 1141 1155 1182 non

121 1218 274 1288 peccarent
287 1208 319 1290 ⁸),
340 1211 496 1286 dimidiare,
517 1218 626 1270 certum
639 1218 692 1286 est,
712 1211 776 1270 illos
788 1210 874 1287 longe
887 1211 961 1270 infra
973 1206 1154 1290 terminumc)

121 1302 306 1360 constitutum
328 1298 458 1356 deficere.
500 1297 635 1356 Similiter
655 1299 724 1356 boni
743 1299 817 1357 bene
838 1297 962 1357 vivendo
982 1297 1155 1373 quandoque

121 1391 265 1444 merentur
285 1387 437 1443 terminum
458 1402 542 1442 suum
563 1388 744 1458 praevenire,
776 1387 850 1442 sicut-
878 1384 914 1442 de
942 1402 999 1443 uno
1025 1385 1103 1444 bono
1124 1385 1154 1442 ln

122 1474 247 1531 omnium
268 1473 410 1530 bonorum
431 1488 555 1545 persona
577 1471 694 1529 dicitur:
736 1471 853 1546 Raptus
884 1478 940 1543 eet,
972 1490 1010 1529 ne
1038 1472 1155 1529 mulitia

120 1565 252 1617 mutaret
286 1559 463 1617 Intellectum
498 1559 591 1630 illiue,
625 1565 653 1616 et
680 1577 718 1616 ne
743 1558 820 1632 fictio
852 1558 993 1632 decipieret
1022 1561 1155 1616 animam

120 1646 198 1703 itlius
217 1642 259 1723 ¹⁰).
285 1644 426 1704 Desinant
447 1661 515 1720 ergo
537 1644 666 1702 homines
689 1645 767 1703 stulti
788 1643 876 1703 stulta
897 1644 1000 1719 dicere,
1021 1644 1108 1703 stulta
1125 1640 1153 1723 ¹¹)

120 1731 244 1807 credere,
265 1735 332 1806 quia
353 1732 439 1789 hodie
460 1734 545 1806 pauci
566 1737 632 1790 sunt
646 1731 802 1805 Principes,
822 1733 907 1806 pauci
926 1728 953 1809 ¹²)
964 1730 1083 1804 nobiles,
1105 1731 1154 1805 qui

119 1817 181 1878 dies
198 1816 227 1897 ¹³)
247 1818 385 1893 impleant
413 1824 441 1876 et
469 1818 508 1876 ad
528 1825 652 1877 aetatem
679 1818 796 1878 senilem
827 1820 1003 1892 perveniant.
1057 1817 1154 1893 Quare

119 1904 195 1964 hoc?
226 1905 367 1964 Nimirum
389 1907 457 1980 quia
477 1922 618 1979 pauperes
640 1905 857 1980 depraedantur,
879 1910 908 1963 ct
927 1921 1087 1979 pauperum
1107 1903 1154 1963 la-

120 1993 301 2049 criminante
334 1998 447 2066 tempus
476 1992 658 2049 suffocantur.
701 1992 792 2050 Visne
814 1991 912 2050 audire
934 1989 1096 2066 exemplum
1117 1990 1154 2049 de

119 2078 244 2152 quodam
265 2084 396 2153 tyranno,
419 2079 467 2152 qui
489 2080 557 2152 qnia
578 2079 638 2136 dies
656 2095 724 2136 snos
742 2074 770 2156 ¹¹)
793 2085 905 2136 curtare
925 2077 1073 2152 peccando
1094 2094 1153 2136 non

119 2156 245 2238 eredidit,
265 2164 382 2223 liberius
403 2163 556 2239 peccavit?
598 2162 807 2223 NOVIOIUS:
828 2164 905 2223 Volo
927 2171 957 2224 et
977 2164 1118 2223 desidero.

439 2353 672 2414 CAPITULUM
692 2355 825 2414 XXVII.
868 2366 880 2378 ⁸

159 2458 208 2516 Dc
229 2475 329 2517 errore
350 2457 498 2517 Lodewici
519 2458 707 2534 Lcntpruoii,
731 2466 759 2517 et
780 2460 816 2517 dc
832 2459 1109 2535 praedestInationc.

180 2577 415 2639 MONACHUS:
436 2580 481 2638 Ex
503 2580 640 2640 relatione
662 2581 811 2640 cuiusdam
831 2583 884 2639 viri
904 2581 1028 2656 religiosi
1042 2598 1152 2656 cogno-

118 2669 154 2740 vi,
174 2665 359 2726 Lodewicum
372 2666 587 2742 Lantgravium,
609 2674 721 2742 patrem
734 2666 894 2726 Hermanni
904 2668 1080 2744 Lantgravii,
1103 2669 1152 2742 qui

115 2753 257 2813 antelios
280 2754 352 2812 dnos
374 2772 465 2812 annos
488 2754 638 2813 defunctus
660 2761 715 2829 est,
748 2757 777 2811 in
807 2771 930 2813 errorem
958 2753 1152 2830 periculosum

115 2857 172 2898 non
194 2839 288 2898 solum
308 2844 441 2916 propriae
473 2843 599 2915 animae,
632 2842 684 2900 sed
711 2847 740 2900 et
767 2841 946 2900 subditorum
973 2842 1151 2900 substantiae

115 2926 262 2985 decidisse.
306 2927 362 3003 Qui
383 2945 448 2986 cum
471 2935 547 2987 esset
567 2928 675 3001 praedo
693 2946 727 2987 ac
741 2934 880 3003 tyrannus
891 2930 1041 3001 maximus,
1063 2927 1151 2985 duras

115 3018 144 3071 et
164 3012 302 3087 plurimas
324 3016 352 3071 in
374 3016 428 3073 sibi
457 3017 640 3073 commissum
671 3014 810 3089 populum
838 3015 944 3073 faciens
973 3017 1150 3088 anaeticum,

114 3098 250 3174 plurimas
268 3097 296 3179 ¹⁵)
308 3101 491 3159 ecclesiarum
503 3102 556 3158 sibi
566 3119 708 3176 usurpans
719 3103 924 3176 possessiones,
946 3119 1010 3159 cum
1029 3095 1057 3180 ¹⁶)
1079 3118 1150 3176 pro-

114 3191 178 3260 pter
199 3185 272 3245 haec
294 3194 323 3245 et
343 3187 434 3246 multa
455 3188 512 3246 alia
532 3187 610 3245 mala
626 3186 653 3267 ¹¹)
675 3205 694 3246 a
715 3190 783 3247 viris
800 3187 939 3263 refigiosis
954 3190 1151 3261 corriperetur,

130 3301 162 3368 1)
178 3301 249 3352 Rom.
270 3302 316 3366 ll,
334 3304 376 3354 31.
398 3332 427 3341 -
455 3302 487 3369 2)
506 3301 524 3352 P
542 3301 634 3352 dicta.
655 3333 685 3341 -
713 3303 745 3370 3)
763 3303 1037 3354 BDPrescrnutur.
1057 3333 1089 3342 -
1116 3302 1150 3369 4)

181 3370 229 3423 Job
249 3371 299 3432 14,
326 3375 350 3422 5.
370 3403 401 3412 -
430 3373 461 3438 5)
479 3372 601 3422 homini
628 3388 668 3424 orn
687 3372 714 3424 G.
734 3403 764 3411 -
793 3374 825 3438 6)
843 3372 1039 3440 quandoque
1062 3389 1102 3423 om
1120 3372 1148 3424 G.

182 3471 214 3478 -
233 3440 264 3507 7)
283 3441 347 3492 Psal.
366 3443 409 3503 54,
426 3442 468 3495 24.
488 3471 518 3480 -
539 3441 570 3508 8)
588 3443 614 3492 si
640 3457 703 3493 non
731 3451 906 3508 peccarent
929 3442 979 3494 add
997 3441 1045 3495 Bc.
1065 3471 1096 3480 -
1115 3442 1150 3509 9)

181 3508 202 3560 D
221 3508 318 3578 longe
344 3519 420 3562 anta
447 3509 1149 3579 terrninum,Glongcnntcternpus.-10)

180 3578 275 3644 sipi,
294 3579 378 3630 ll.-
399 3580 447 3647 11)
465 3579 483 3630 Ρ
501 3579 600 3630 stulta
619 3579 726 3632 dicere
745 3581 859 3645 stulte,
876 3581 896 3632 B
915 3581 1018 3632 stulte
1036 3581 1148 3631 dicere

180 3647 289 3698 stulte.
309 3677 341 3687 ·-
370 3650 418 3717 12)
437 3649 663 3716 Dl‘pnucique.
683 3679 714 3689 -
743 3651 792 3717 13)
810 3651 850 3702 lll’
868 3650 917 3701 add
936 3668 1018 3703 suos.
1039 3681 1069 3689 -
1099 3650 1148 3717 ld)

179 3732 312 3769 suosonr
332 3718 358 3769 P.
379 3748 410 3758 -
430 3719 478 3787 15)
498 3718 537 3769 DP
554 3718 682 3771 multas.
703 3749 733 3759 -
755 3720 803 3787 16)
820 3719 883 3773 BDI’
901 3728 941 3772 et.
962 3751 992 3763 -
1012 3719 1148 3788 mnas

175 3786 240 3841 alia
256 3787 335 3839 mala
353 3786 468 3854 nullu,
484 3788 525 3845 ΒΡ
543 3787 675 3857 aliaque
693 3788 830 3858 pluriora
847 3790 937 3843 mala.
