2438 4170
426 238 794 345 ·DE4,sssuPL101uAuE.
1068 239 1130 298 365

71 350 221 425 'suffieiat
242 361 311 420 mibi
332 363 525 421 testimonium
546 367 636 420 tuum.
678 361 732 421 Ille
754 361 845 436 magis
867 376 969 419 curans
992 358 1132 418 debonis

35 436 38 449 ¹
96 447 268 527 obtinendis,
290 466 377 524 quam
392 447 426 508 de
440 448 529 507 verbo
544 450 680 522 veritatis,
691 448 850 523 respondit:
873 447 908 505 In
926 448 1045 505 veritate
1059 444 1131 521 diuo,

95 535 177 612 quod
208 553 273 595 mea
295 538 350 594 sint
371 535 442 596 haee
463 536 548 594 bona.
591 535 640 593 Ad
661 535 738 610 quod
760 534 877 593 Abbas:
906 532 970 591 Sint
991 550 1059 610 ergo
1081 540 1132 592 tua

96 624 164 697 tibi,
185 639 240 699 ego
263 621 299 681 de
321 628 414 681 cetero
436 621 484 680 illa
505 639 564 680 non
584 625 727 698 requiram
740 618 765 700 ¹).
797 621 913 696 -Siaque
934 637 1067 680 reversus
1089 626 1133 678 est

95 710 135 771 ad
158 708 385 770 claramvallem.
427 708 511 767 Miles
525 711 610 768 etiam
632 709 671 768 ad
691 725 810 768 uxorem
831 725 914 766 suam
937 710 1019 783 quasi
1040 709 1131 766 vietor

96 796 219 870 rediens,
241 813 306 855 cum
329 798 355 854 ei
368 812 421 871 per
442 795 569 854 ordinem
590 799 738 855 recitasset
759 794 829 871 quid
851 791 903 874 ei²)
925 794 1027 854 Abbas
1042 793 1131 852 dixis-

96 890 159 958 set,
180 882 228 941 vel
249 883 318 957 quid
339 885 400 957 ipse
425 885 543 958 egisset,
563 883 612 940 illa
633 885 729 942 territa
750 882 788 941 ad
809 881 899 940 rerba
921 888 981 940 tam
1001 898 1075 956 pura
1103 888 1132 939 et

95 977 157 1031 tam
179 969 326 1044 simplicia,
347 969 504 1045 respondit:
525 969 634 1029 Dolosa
654 972 736 1044 egisti
755 974 853 1027 eontra
874 974 1006 1027 sanctum
1026 967 1131 1027 Abba-

93 1053 192 1136 teme),
214 1056 283 1115 ultio
306 1056 402 1114 divina
422 1073 475 1114 nos
497 1059 604 1130 puniet.
646 1056 709 1115 Nisi
726 1057 897 1114 monasterio
919 1055 996 1113 bona
1009 1073 1062 1113 sua
1083 1071 1130 1112 re-

92 1146 206 1217 stituas,
229 1146 371 1202 consortio
386 1159 450 1201 meo
467 1144 585 1202 carebis
627 1143 753 1201 Territus
774 1141 829 1216 ille,
837 1142 889 1205 aad
912 1141 1130 1200 Claramvallem

94 1233 189 1304 venit,
224 1230 306 1289 bonis
341 1230 416 1288 ultro
447 1232 640 1303 renunciavit,
662 1228 697 1288 de
732 1228 859 1287 indebita
888 1231 979 1287 saneti
1006 1227 1130 1288 Abbatis

93 1318 247 1376 vexatione
257 1318 372 1375 veniam
392 1313 579 1396 postulansr).
622 1317 675 1375 Vir
695 1319 749 1376 iste
771 1317 873 1375 beatus
895 1315 1071 1390 temporibus
1082 1331 1130 1373 se-

93 1405 207 1462 niorum
219 1402 721 1462 116611616111161161111101666116.
763 1403 834 1460 Erat
855 1409 951 1461 autem
973 1401 1130 1462 secundum

93 1507 212 1551 carnem
232 1490 345 1564 nobilis,
368 1496 396 1549 et
411 1493 638 1566 consanguineus
657 1490 781 1565 Philippi
802 1489 890 1566 Regis
910 1488 1060 1562 Franciae,
1082 1489 1129 1563 qui

35 1604 38 1609 ·
91 1579 265 1653 praecipuus
286 1583 397 1636 amator
419 1583 480 1636 erat
501 1584 616 1636 sanetae
638 1577 833 1652 simplicitatis.

438 1783 671 1844 CAPITULUM
705 1783 776 1842 XII.

148 1906 196 1964 De
217 1906 354 1982 Philippo
376 1907 457 1982 Reqe
477 1906 686 1979 Francorum,
698 1909 750 1980 qui
770 1909 803 1964 in
824 1904 947 1964 Abbatir
968 1908 1063 1962 666611

266 1994 532 2069 1161611666ῳίἱοὶ
554 1997 756 2052 taciturnitate
778 1993 957 2068 aedificatur,

374 2080 559 2140 adversarios
583 2084 643 2139 eiua
665 2083 847 2154 conpescuit.

157 2216 266 2276 Retulit
286 2219 355 2276 mihi
377 2218 580 2278 Constantinus
594 2218 752 2277 monachus
770 2226 875 2294 noster,
897 2217 976 2295 quod
998 2234 1032 2276 eo
1055 2224 1130 2276 tem·

90 2320 162 2380 pore
184 2322 241 2380 quo
255 2305 371 2364 Parisiis
383 2308 412 2364 in
434 2306 528 2366 studio
550 2307 610 2381 fuit,
631 2305 892 2366 JohamesAobas
915 2305 1130 2364 6611611νί616-

90 2392 146 2477 ris,
175 2394 223 2466 qui
252 2395 366 2453 natione
398 2394 572 2453 Teutonicus
607 2401 664 2469 est,
701 2411 767 2452 eum
796 2394 966 2469 quibusdam
987 2391 1130 2451 nobilibus

92 2482 123 2536 61
143 2482 254 2554 magnis
276 2482 343 2538 viris
364 2499 415 2556 pro
438 2499 543 2556 magno
565 2480 669 2540 allodio
703 2498 799 2539 eoram
816 2481 897 2556 Rege
911 2480 1043 2554 Philippo
1065 2477 1130 2552 pla·

91 2562 261 2645 citaverit⁵).
305 2566 362 2642 Qui
392 2585 458 2627 cum
479 2584 577 2625 seeum
599 2567 766 2625 adduxisset
787 2561 956 2644 quosdam⁶)
980 2583 1015 2623 ex
1035 2565 1130 2622 fratri-

90 2650 147 2709 bus
168 2653 244 2711 viros
265 2651 390 2711 literatos
413 2660 442 2711 et
461 2656 652 2727 iurisperitus,
673 2653 869 2727 haberentque
890 2652 1047 2710 adversarii
1075 2649 1142 2710 ad-.

91 2729 212 2796 vocatos
234 2740 264 2795 in
285 2741 378 2796 causis
402 2741 583 2812 exercitator,
608 2740 735 2814 partibus
757 2738 823 2796 hinc
844 2738 910 2796 inde
931 2736 1130 2812 respondenti-

88 2823 155 2897 bus,
177 2822 280 2882 Abbas
301 2824 465 2899 simpliciter
487 2825 598 2898 sedens,
619 2842 672 2884 nee
693 2843 783 2883 unum
804 2827 925 2884 verbum
946 2823 984 2883 ad
1006 2822 1130 2900 allegata

89 2909 253 2984 respondit,
282 2912 322 2968 ita
344 2918 377 2969 ut
397 2914 488 2988 magis
511 2911 654 2970 videretur
675 2928 779 2971 vacare
801 2914 938 2986 orationi,
963 2929 1051 2987 quam
1071 2911 1130 2969 liti-

88 2992 238 3075 gationi⁷).
260 2995 325 3055 Hoc
347 3014 412 3056 cum
441 2998 505 3056 Rex
533 3000 753 3072 considerasset,
781 3001 821 3058 ait
852 2998 977 3058 Abbati:
1007 2998 1129 3059 Domine

89 3081 203 3155 Abbas,
226 3099 314 3157 quare
337 3102 390 3143 vos
411 3084 481 3143 nihil
502 3085 669 3160 loquimini?
692 3085 893 3161 Respondente
915 3086 1031 3145 Abbate
1052 3085 1130 3144 mul-

89 3175 152 3228 tum
174 3169 274 3229 leniter
296 3177 325 3229 et
338 3170 423 3231 valde
445 3173 623 3247 simpliciter:
645 3174 777 3246 Domine,
795 3175 892 3232 neseio
915 3173 983 3248 quid
1004 3171 1129 3252 loqui⁸);

90 3256 258 3316 aedificatus
280 3256 344 3315 Rex
374 3266 402 3317 et
431 3266 618 3334 compunctus
647 3262 781 3319 subiecit:
810 3260 997 3319 Revertimini
1026 3277 1079 3319 vos
1099 3263 1128 3316 in

90 3343 246 3403 claustrum
268 3352 411 3421 vestrum,
434 3343 491 3426 et⁹)
514 3363 567 3423 ego
589 3346 691 3421 loquar
707 3363 759 3422 pro
781 3349 873 3407 vobis.
915 3348 986 3406 Post
1008 3363 1128 3422 quorum
1172 3370 1176 3387 =

109 3545 141 3615 l)
158 3546 222 3598 Ab?
240 3564 301 3600 non
327 3556 475 3615 repetam
493 3548 564 3611 illa,
591 3559 619 3602 ut
644 3551 688 3614 lV,
707 3551 748 3604 61.
769 3553 800 3590 ’-
820 3551 851 3619 2)
876 3552 907 3602 61
932 3549 980 3601 add
998 3551 1027 3602 B.
1047 3581 1078 3588 -
1097 3549 1129 3616 3)

159 3616 223 3668 ADP
241 3618 398 3670 Abbatem
421 3629 575 3671 sanctum.
596 3620 760 3687 -1)Α[)Ρ
783 3621 979 3687 postulavit.
1000 3650 1029 3659 -
1050 3621 1081 3686 5)
1099 3635 1129 3685 pr

158 3686 181 3738 A
198 3686 432 3755 placidaverit.
452 3718 484 3726 —
502 3690 535 3756 6)
553 3689 704 3758 quosdam
722 3706 763 3742 om
781 3691 830 3744 ΒΟ.
850 3720 881 3730 -
901 3691 933 3755 7)
950 3689 970 3741 0
987 3689 1130 3757 legatio-

160 3756 204 3817 ni,
229 3756 293 3809 ADl’
319 3757 522 3826 allegationi.
542 3789 573 3799 -
601 3761 634 3829 8]
652 3759 689 3825 ll,
712 3761 736 3816 2.
756 3777 780 3830 p.
799 3762 845 3814 59:
877 3761 978 3826 ,neseio
1000 3757 1060 3827 qnid
1083 3757 1130 3810 tibi

158 3825 312 3894 1616113616.1
333 3857 365 3867 -
383 3827 416 3897 9)
433 3835 464 3880 61
481 3843 521 3879 om
540 3829 569 3881 B.
