2438 4170
224 234 263 291 14
345 270 352 289 .
548 231 777 294 DISTINCTIO
795 231 924 293 PRIMA

222 365 336 416 nostrae
357 355 505 432 psalleret,
531 359 623 416 innuit
646 359 671 415 ci
692 363 724 415 ut
745 356 889 415 modicum
911 362 1097 431 exspectaret.
1140 354 1219 416 Inte

220 445 336 520 pulsata
358 449 401 503 est
422 450 519 520 sexta3
542 451 571 503 et
591 445 707 502 intravit
729 443 847 503 chorum
868 449 996 519 uterque.
1039 442 1143 503 Stante
1158 444 1219 504 Pru

219 535 249 590 in
272 531 356 590 stallo
378 549 446 605 suo,
468 530 586 607 angelus
604 531 736 606 Domini,
757 537 791 589 ut
810 536 912 605 postca
932 532 1038 605 patuit,
1059 531 1090 588 in
1112 531 1209 607 figura

220 619 321 678 habitu
344 618 470 678 eiusdem
491 618 624 677 monaehi
646 620 728 693 quasi
749 619 875 677 facturus
897 617 1103 676 confessionem
1120 618 1219 694 adp·

220 705 326 764 Prioris
356 723 387 764 se
415 707 576 781 prostravit.
626 705 719 781 Quem
753 722 819 764 eum
847 704 943 763 levare
971 704 1074 778 vellet,
1111 706 1186 781 disp

219 792 258 850 Et
278 810 410 851 reversus
431 795 460 849 in
482 810 512 851 se
534 793 629 865 Prior,
658 792 797 852 intellexit
824 791 957 868 angelum
984 792 1071 850 fuisse
1092 809 1211 852 monae

220 879 346 938 confiteri
367 878 498 953 volentis,
520 886 550 938 et
571 879 754 938 confessionis
777 879 920 953 repulsam
941 880 995 938 sibi
1014 878 1219 954 quodammodt

220 967 443 1041 improperantis
494 963 697 1025 NOVICIUS:
730 964 824 1026 Valde
851 961 979 1044 mirer³)‚
1018 966 1096 1042 quod
1135 984 1211 1043 ange

218 1051 365 1133 sanctus⁴)
387 1052 504 1111 Domini
526 1056 566 1112 sic
588 1052 731 1111 humiliter
752 1071 783 1111 se
804 1051 926 1129 pedibus
940 1053 1062 1112 hominis
1076 1044 1219 1129 prostern

219 1140 351 1217 dignatus
375 1147 426 1199 est.
468 1139 704 1199 MONACHUS:
739 1140 811 1198 Cum
832 1140 914 1198 nobis
941 1158 960 1198 a
986 1140 1122 1216 praelatis
1150 1158 1219 1201 nos

218 1233 346 1303 negatur,
369 1227 446 1302 quod
467 1229 551 1287 saluti
570 1234 685 1286 nostrae
707 1227 871 1302 impendere
880 1233 1019 1302 tenentur,
1040 1230 1165 1287 maxime
1177 1246 1217 1304 qu

217 1314 255 1373 ab
278 1315 386 1391 angelis
406 1315 490 1374 nobis
512 1313 655 1391 deputatis
677 1315 782 1374 utiliter
810 1318 984 1391 suggeritur,
1017 1319 1099 1391 quasi
1127 1317 1197 1391 ipsis

216 1401 273 1462 hoo
293 1403 431 1460 resistitur
443 1399 473 1482 ⁵).
515 1400 646 1479 Angelus
666 1419 736 1461 vero
758 1402 879 1476 homini,
900 1409 1038 1477 tanquam
1059 1404 1172 1462 eoelum
1193 1409 1219 1462 tt

216 1505 281 1563 rae,
309 1495 447 1564 tanquam
477 1508 579 1548 aurum
610 1489 691 1563 luto,
723 1507 755 1548 sc
776 1492 947 1566 prostravit,
979 1495 1011 1547 ut
1033 1505 1069 1548 ex
1090 1493 1154 1565 ipso
1176 1491 1219 1549 fat

215 1575 289 1634 illius
309 1575 499 1652 negligentiae
507 1574 528 1656 ο)
551 1577 748 1651 exprobraret,
782 1583 811 1635 et
830 1578 931 1635 timore
952 1593 1121 1650 percussum
1143 1576 1180 1637 de
1202 1594 1218 1638 o

215 1671 276 1722 tero
299 1665 454 1722 cautiorem
476 1663 608 1723 efficeret.
650 1663 726 1722 Hinc
750 1670 793 1722 est
815 1663 893 1739 quod
913 1663 1046 1722 Salvator
1066 1666 1096 1721 in
1113 1663 1197 1723 Euan

214 1748 252 1808 lio
275 1749 357 1809 dicit:
376 1751 448 1808 ·Vue
469 1754 521 1826 qui
541 1751 725 1809 scandalizat
745 1769 842 1809 utrum
864 1750 899 1809 de
915 1752 1031 1825 maalle
1052 1753 1123 1824 tatia,
1146 1756 1218 1827 etp·

214 1854 322 1912 pauca:
344 1839 451 1912 Angeia·
472 1855 576 1897 eorum
596 1855 709 1911 suaper
728 1838 829 1896 videat
847 1837 957 1913 facian
978 1839 1082 1896 Patria
1103 1841 1177 1912 enei,
1199 1857 1218 1914 q

213 1928 246 1982 in
268 1927 352 1982 coelic
375 1922 455 2002 sati).
497 1924 620 1999 Expleta
641 1923 712 1982 hora
727 1927 871 1999 canonica,
893 1925 981 1998 Prior,
1002 1929 1107 1983 vocato
1130 1925 1168 1984 ad
1184 1941 1215 1984 se

213 2011 364 2084 monacho,
386 2010 456 2069 dixit
478 2014 518 2071 ei:
554 2011 643 2070 Modo
672 2011 718 2069 tae
747 2011 954 2071 confessionem
975 2019 1063 2071 tuam.
1108 2010 1200 2071 Ouio

213 2098 260 2158 ille
283 2097 482 2173 responderet:
513 2099 594 2157 Bene
617 2103 751 2173 exspecto
760 2094 796 2177 ⁹),
826 2098 951 2175 domine,
983 2099 1125 2174 usquein
1147 2116 1219 2158 eras

212 2202 296 2260 num;
331 2187 361 2242 in
397 2185 469 2245 haec
497 2187 587 2244 verba
614 2187 757 2261 prorupit:
774 2222 780 2232 ·
800 2185 895 2244 Hodie
927 2202 986 2244 non
1020 2187 1159 2261 gustabo,

213 2272 329 2331 audiam
346 2269 374 2351 ¹⁰)
397 2273 603 2331 confessionem
624 2278 711 2330 tuam.
754 2271 824 2330 Erat
846 2275 920 2331 enim
946 2271 1017 2331 hora
1047 2273 1168 2348 prandii.

213 2361 357 2433 acquievit
376 2359 432 2418 ille.
475 2359 520 2418 Ex
540 2359 589 2418 illa
609 2359 680 2417 hera
700 2358 782 2417 Prior
802 2357 868 2421 Deo
897 2361 1039 2434 promisit,
1073 2363 1142 2435 quia
1169 2379 1189 2418 n

213 2463 280 2505 emn
302 2448 467 2520 occupatio,
495 2446 574 2505 nulla
596 2448 724 2520 occasio,
746 2461 804 2503 non
821 2442 849 2524 ¹¹)
871 2449 994 2521 inceptio
1016 2447 1133 2522 psalmi,
1154 2465 1210 2522 neq

213 2551 312 2593 cursus
332 2529 361 2613 ¹²)
383 2535 525 2609 genitricis
536 2533 592 2592 Dei
610 2530 638 2613 ¹³)
660 2534 698 2592 ab
720 2532 870 2592 audiendis
887 2534 1110 2594 confessionibus
1133 2535 1219 2594 abs

211 2620 305 2697 heret,
335 2638 401 2680 eum
421 2616 534 2697 signum
553 2622 735 2680 confessionis
757 2621 875 2680 videret.
917 2620 1025 2680 Factus
1046 2639 1116 2681 vero
1138 2641 1219 2700 gran

211 2726 316 2784 aeuus,
350 2725 415 2769 eum
446 2715 562 2783 propter
594 2710 719 2784 eorporis
752 2707 927 2767 debilitatem
948 2708 986 2768 ad
1006 2708 1168 2770 Prioratum
1188 2729 1219 2769 n·

104 2796 107 2801 ’
211 2796 368 2870 sufficeret,
397 2796 526 2854 laborem
553 2794 685 2854 Marthae
715 2798 901 2854 eommutavit
920 2797 951 2854 in
972 2798 1097 2870 quietem
1117 2797 1219 2856 Maria

211 2885 291 2942 vovit
313 2886 388 2942 enim
406 2879 434 2963 ¹⁴)
456 2882 536 2956 Deo,
567 2889 600 2940 ut
631 2883 748 2958 singulis
770 2882 870 2942 dicbus
891 2883 1056 2958 psalterium
1079 2900 1114 2942 ex
1134 2887 1165 2942 in
1184 2908 1208 2956 '2

212 2969 391 3046 decantaret3
421 2972 519 3045 sicque
547 2970 701 3029 tirtutibus
727 2969 830 3044 plenus
857 2972 991 3046 migravit
1010 2970 1048 3029 ad
1069 2970 1177 3030 Domin
1205 2996 1219 3024 u

228 3260 405 3330 lJGillius
431 3259 587 3312 monachi.
607 3291 638 3300 -
666 3260 698 3328 2)
722 3261 742 3315 O
768 3262 997 3330 quodammodo
1024 3263 1095 3315 sibi.
1116 3292 1147 3302 -
1176 3264 1207 3333 3)

278 3333 379 3382 miror
397 3331 502 3382 valde.
522 3360 552 3390 -,
572 3331 604 3398 4)
623 3342 757 3384 sanctus
775 3348 816 3383 om
834 3330 861 3384 O.
881 3361 912 3371 -
935 3333 965 3399 5)
983 3333 1003 3384 D
1021 3334 1193 3385 resistunt.

278 3401 310 3467 6)
328 3400 348 3452 G
370 3400 599 3470 negligentiae
624 3400 727 3464 illius3
745 3401 819 3468 paulo
837 3411 895 3468 post
912 3401 934 3452 D
952 3402 1142 3469 perculsum.
1163 3433 1193 3442 -

277 3469 364 3521 Marri.
385 3470 426 3533 18,
445 3472 518 3524 6.10.
539 3499 569 3509 -
589 3471 620 3538 8)
639 3471 659 3522 G
677 3471 713 3521 ad
731 3488 764 3522 sc
782 3481 948 3523 vocata-
966 3473 998 3538 9)
1016 3471 1058 3523 DP
1075 3483 1210 3540 exspect

277 3540 325 3592 bo,
344 3570 375 3578 —
397 3541 444 3608 10)
461 3541 482 3592 B
501 3539 612 3604 audio,
635 3539 837 3593 Caudierim.
857 3571 890 3580 -
916 3541 1170 3607 metulla-
1196 3544 1208 3595 1

276 3612 450 3661 matutinarius
468 3626 555 3661 cursus
573 3610 662 3661 beatae
681 3612 772 3662 itariae
799 3619 838 3662 est
863 3613 1037 3679 perantiquum
1063 3613 1174 3664 cilicium
1200 3630 1215 3665 e

278 3680 452 3732 clesiasticum.
472 3711 503 3720 -
532 3680 580 3747 ta)
608 3680 695 3732 Dadd
713 3682 838 3732 itariae.
858 3712 888 3722 -
918 3681 1193 3751 14)Ovovitquc,

277 3751 352 3816 paulo
377 3759 446 3816 post:
473 3750 669 3818 psalterium
687 3751 825 3821 singulis
851 3751 966 3804 diebus
992 3750 1188 3806 decantaret
1212 3775 1218 3796 ι

275 3823 418 3888 integro.
