2460 4162
45 229 50 240 ·
95 266 98 271 ,
130 219 192 278 aaa
448 217 676 280 nmrmcuro
698 218 849 296 oumra

129 359 195 400 cum
215 339 254 400 ad
275 337 419 414 quoddam
439 357 541 399 nemus
561 342 704 414 venisset.
717 346 813 400 tantus
834 343 919 400 timor
940 348 969 400 et
982 340 1085 402 horror
1099 360 1160 404 enm

128 429 246 503 invasit,
275 432 308 483 ut
337 434 435 484 omnes
464 425 514 501 pili
536 429 635 502 capitis
657 428 734 501 eius,
762 430 836 487 sicut
857 427 913 488 dici
933 427 1021 504 solet,
1051 448 1161 490 sursum

129 517 309 591 erigerentur,
331 519 360 571 et
381 512 475 587 gelido
498 512 601 572 sudore
623 530 722 572 omnes
744 516 805 573 eius
827 521 905 574 artus
918 510 935 594 Ι)
956 516 1160 591 pertimueran-

128 609 183 660 tur.
227 601 319 676 Quem
340 605 437 657 tamen
445 596 466 678 ²)
488 603 559 658 tanti
587 600 710 659 horroris
738 618 826 660 eausa
852 601 942 661 latere
968 619 1028 663 non
1055 607 1160 679 potuit,

128 690 196 763 quia
216 705 284 746 mox
304 692 337 744 ut
366 686 464 744 oculos
492 686 529 744 ad
557 705 658 746 nemus
684 691 785 762 vertit,
813 687 958 747 hominem
985 692 1161 750 teterrimum

48 832 52 842 Κ
127 777 207 833 iuxta
227 773 359 832 arborem
381 775 450 830 satis
472 774 560 831 altam
581 780 656 832 stare
684 778 839 850 conspexit.
883 774 939 850 Qui
966 793 1000 835 eo
1034 778 1161 849 intuente

127 865 156 919 in
177 859 415 932 momentoadeo
438 860 591 918 crescendo
614 861 749 936 ascendit,
771 868 803 919 ut
824 861 916 921 cidem
934 864 1030 923 arbori
1051 880 1160 939 aequa-

127 954 219 1023 retur,
242 950 316 1006 eirea
328 964 424 1021 ,quem
443 947 538 1022 fragor
558 946 693 1005 arborum
715 954 743 1007 ct
763 950 843 1005 nimii
861 948 990 1007 fremitus
1010 956 1161 1010 ventorum

128 1035 332 1094 excitabantur.
375 1034 502 1092 Territus
524 1033 748 1108 supramodum
770 1035 911 1108 sacerdos,
931 1023 1054 1115 rogits),
1076 1055 1161 1113 quem

128 1122 259 1181 diabolus
292 1138 358 1179 cum
385 1121 496 1178 turbine
525 1138 543 1178 a
576 1127 655 1196 tergo
684 1123 852 1196 insequens,
878 1139 970 1196 usque
997 1122 1036 1182 ad
1063 1124 1161 1183 villam

127 1208 209 1268 Rode
241 1226 297 1266 non
335 1207 466 1264 deseruit.
516 1207 621 1281 Postea
652 1225 717 1266 cum
751 1207 828 1266 idem
857 1209 991 1268 sacerdos
1020 1212 1160 1270 visionem

127 1296 211 1354 simul
233 1302 262 1352 et
282 1296 411 1351 timorem
434 1310 571 1352 converso
595 1296 724 1353 coenobii
741 1294 854 1353 Veteris
875 1293 991 1370 Montis,
1013 1295 1159 1356 Richardo

126 1384 248 1454 nomine,
270 1383 401 1449 recitaret
411 1372 443 1458 ¹¹),
463 1380 519 1453 ille,
541 1383 615 1439 sicut
634 1383 679 1440 vir
702 1378 790 1459 erat⁵)
813 1381 974 1457 religiosus,
995 1383 1161 1460 religiosum

127 1473 153 1528 ei
173 1469 294 1527 verbum
315 1466 474 1541 respondit:
496 1466 629 1542 Domine,
650 1469 756 1542 inquit,
779 1467 985 1542 ecclesiastice,
1007 1469 1093 1529 eiad
1115 1470 1160 1528 di-

126 1559 194 1614 vina
227 1551 353 1633 eundo⁶)
376 1553 517 1629 psalmum
545 1555 574 1610 in
607 1572 639 1613 os
665 1560 792 1613 vestrum
821 1553 1072 1635 assumsissetis⁷),
1102 1574 1160 1616 nou

126 1644 209 1702 vobis
231 1643 303 1700 haec
324 1645 353 1698 in
376 1643 422 1699 via
445 1643 613 1699 evenissent.
656 1640 825 1700 Terrorillc
846 1645 1074 1717 poenapeccati
1099 1643 1160 1703 fuit.

125 1731 267 1789 Diabolus
288 1746 388 1787 revera
409 1729 491 1785 timet
510 1727 661 1802 psalmum,
682 1745 740 1786 non
762 1728 896 1804 gladium.
941 1727 1056 1804 Corpus
1078 1732 1159 1802 dare,

126 1824 159 1876 ut
180 1819 221 1877 ait
241 1816 309 1890 Job,
331 1819 388 1873 imo
409 1814 552 1872 Dominus
574 1815 610 1872 ab
633 1813 701 1888 Job,
723 1818 810 1889 quusi
830 1822 915 1873 scuto
929 1814 1043 1891 fusilia,
1064 1834 1159 1892 aqum

125 1901 210 1976 mic⁸)
233 1922 263 1962 se
285 1900 547 1976 comprimentium.
590 1898 784 1978 Depurabuv
805 1905 891 1976 quusi
906 1903 1012 1976 palam
1032 1902 1159 1978 ferrura,

127 1999 154 2050 ct
186 1993 272 2064 quusi
304 1991 416 2063 tionum
443 1989 610 2062 putridum,
644 2006 701 2046 ces.
751 1989 822 2045 Nou
855 1995 896 2047 cet
926 2006 1015 2064 copo
1048 1996 1159 2048 arram

120 2085 268 2154 potestas,
298 2095 375 2150 quac
397 2071 584 2149 comparetur·
606 2079 632 2132 ci
646 2071 686 2149 ¹⁰).
729 2073 931 2133 NOVICIUS:
954 2075 1034 2134 Sicut
1056 2076 1157 2153 colligo

126 2183 160 2222 ex
182 2163 226 2221 his
254 2164 350 2220 verbis
373 2164 464 2219 sancti
485 2161 559 2235 Job,
588 2163 612 2218 si
636 2160 741 2219 diaboli
762 2163 851 2219 virtus
872 2161 960 2237 ligata
989 2169 1018 2220 ct
1039 2163 1158 2221 limitata

125 2268 183 2309 non
205 2256 288 2321 esset,
310 2249 403 2305 nullus
418 2247 565 2324 hominum
579 2250 734 2306 subsistere
750 2254 847 2322 posset
862 2245 900 2328 ¹¹).
923 2247 1157 2309 MONACHUS:

126 2336 210 2413 Quod
239 2342 335 2394 autem
371 2333 514 2391 hominem
543 2334 655 2393 laedere
683 2352 741 2392 non
769 2337 867 2410 possit,
894 2338 948 2393 nisi
979 2343 1158 2410 quantuma

124 2425 188 2482 Dco
210 2424 292 2481 fucrit
301 2424 465 2497 permissus,
486 2423 515 2477 in
526 2421 583 2480 fine
603 2422 689 2481 huius
711 2420 895 2481 distinctionis
916 2424 986 2481 satis
1007 2423 1157 2482 manifesto

125 2514 176 2571 tibi
197 2509 321 2586 pandam
344 2507 483 2583 exemplo.

475 2646 706 2706 OAPITULUM
727 2646 804 2705 LVI.
898 2657 901 2660 '

189 2774 236 2831 Dc
258 2773 460 2846 campanario,
484 2788 570 2844 quem
593 2769 727 2827 diabolus
750 2770 901 2827 transtulit
922 2771 953 2826 iu
969 2771 1098 2843 pinnum

503 2859 592 2914 casiri
619 2854 775 2931 Ysbcbuuy.

188 2962 222 3018 In
244 2961 313 3018 villa
335 2961 467 3035 quadam,
489 2966 555 3018 onte
575 2977 683 3034 paucos
706 2959 955 3018 annosDioecesis
974 2957 1158 3032 boloniensis,

125 3067 198 3124 quae
227 3047 354 3105 Ambula
369 3045 398 3126 ¹²)
425 3053 551 3120 vocatur,
574 3049 770 3122 campanarius
785 3044 814 3126 ¹³)
836 3047 896 3121 fuit,
919 3053 947 3105 et
968 3046 1040 3104 sorte
1062 3045 1158 3105 adhue

142 3152 232 3231 rJ'uo
249 3172 340 3212 artus
364 3164 441 3213 eius.
467 3193 497 3201 -
516 3163 548 3228 2)
566 3163 586 3215 C
610 3165 716 3213 etium.
735 3193 767 3200 -
793 3164 823 3229 3)
842 3163 861 3214 G
885 3164 1050 3213 transivit.
1069 3161 1159 3226 -’4)

192 3232 253 3285 ACP
272 3249 432 3283 converso
450 3241 565 3283 nostro
584 3231 746 3284 Richardo
764 3234 938 3293 recitaret,
957 3232 976 3282 B
993 3230 1159 3282 Richardo

193 3318 355 3353 converso
385 3312 496 3353 nostro
525 3303 692 3352 recitaret.
713 3332 743 3340 —
770 3303 800 3369 5)
819 3302 901 3353 ABCP
926 3310 984 3352 est.
1004 3331 1035 3339 -
1061 3301 1094 3366 6)
1119 3299 1160 3352 Bc

192 3372 297 3424 eundo
316 3371 352 3420 ad
371 3372 486 3423 divin-a.
507 3403 536 3410 —
557 3372 588 3437 7)
606 3371 646 3422 BC
665 3373 879 3422 sumsissetis.
900 3402 930 3410 -
950 3369 1014 3438 8)ss
1034 3386 1160 3436 compa-

193 3451 278 3492 ctum
303 3446 456 3507 squamis3
479 3458 538 3492 mox
555 3441 594 3491 GP
617 3437 697 3492 sese.
718 3472 748 3480 -
768 3442 799 3507 9)
818 3442 838 3491 R
860 3439 1037 3507 reputabit.
1058 3469 1088 3477 —
1112 3441 1160 3507 10)

192 3512 238 3563 Job
258 3512 305 3574 ii,
324 3513 347 3560 (i.
368 3512 408 3561 18.
428 3513 468 3561 24.
488 3543 519 3549 -
540 3511 587 3574 11)
606 3511 645 3561 Bc
664 3510 874 3562 subsisteret.
894 3541 925 3548 —-
947 3511 997 3575 12)
1011 3512 1032 3559 si
1051 3508 1160 3560 Anrbula

193 3590 251 3632 autc
269 3596 363 3646 paucos
382 3597 459 3631 annos
478 3581 605 3631 Diocccsis
618 3580 773 3632 Colonierrsis
791 3581 845 3640 init,
863 3581 941 3646 liquet
959 3595 1013 3629 eam
1032 3595 1083 3629 non
1103 3595 1161 3629 csse

192 3651 274 3701 villum
294 3649 398 3701 Arrrclcrr
422 3667 500 3716 prope
523 3650 652 3701 Juliocum.
686 3650 761 3701 Forte
783 3649 944 3717 intelligendu
962 3657 1000 3699 cst
1019 3648 1077 3699 uilla
1097 3650 1162 3700 Aru-

186 3722 271 3784 biava,
290 3720 365 3772 hodic
384 3721 455 3773 Arrrcl
473 3720 548 3782 (licta,
566 3723 663 3787 sitaque
681 3719 713 3769 ud
731 3721 833 3771 fluvium
844 3719 966 3771 Aurblcvc
985 3734 1065 3786 prope
1084 3721 1162 3787 oppi-

138 3821 143 3829 ,
179 3794 239 3847 dum
259 3794 286 3848 S.
309 3792 376 3846 virt.
398 3826 427 3835 -
452 3793 499 3863 13)
519 3791 805 3858 BCcarnnanar‘rus
823 3789 954 3856 quibam.
