2438 4170
443 223 499 286 DE
520 223 791 290 DAEMONIBUS.
1072 231 1134 288 277

131 336 179 408 Β)
198 343 347 417 periculosa
367 352 426 422 ost,
446 364 541 424 noque
562 347 616 408 hos
639 349 771 409 omnibns
792 345 908 425 expedit
922 343 940 429 ¹)
960 347 1074 426 videre;
1106 356 1137 410 ot

128 428 181 479 ΜΝ
198 429 270 491 nlo
289 433 451 509 importune
471 436 556 494 nimis
576 437 710 511 instaret,
736 435 854 496 adiecit:
876 434 908 495 Si
927 452 1060 496 seeumm
1087 453 1135 497 me

124 496 215 589 meru,
232 518 307 594 quod
328 536 423 596 neque
443 538 464 580 a
476 524 614 599 eognatis
635 524 697 582 sivo
717 522 755 582 ab
775 523 876 582 amieis
896 524 953 581 tuis
974 522 1044 581 nihil
1064 521 1135 581 mibi

120 598 150 645 Β
167 592 217 663 hoo
234 605 301 664 mali
323 609 438 666 eveniat
448 604 485 688 ²),
518 610 543 668 si
569 608 642 668 forte
664 625 683 668 a
705 609 892 669 daemonibus
921 608 1058 685 deeeptus
1086 608 1134 669 vel

43 734 46 771 1
116 674 216 748 terrim
238 689 318 772 vel³)
346 692 442 754 laesus
469 695 573 770 tueris,
599 698 780 770 acquiescam
806 696 867 755 tibi.
908 695 947 754 Et
973 695 1040 755 feeit
1066 713 1134 756 eum

109 769 240 836 ³⁰bifora.
287 778 345 839 Die
374 781 499 857 quadam
526 788 655 857 tempore
691 782 863 857 meridiano,
895 799 929 842 eo
958 781 1036 858 quod
1063 791 1134 844 tuno

105 854 222 927 naiires
230 864 422 928 hobeatviros
444 868 626 928 daemonium
640 868 835 943 meridianum,
855 868 1005 945 Philippus
1014 868 1133 929 militem
1185 863 1192 941 Ι

100 926 127 987 ¹¹¹
154 949 294 1024 quoddam
316 954 425 1014 bivium
447 954 546 1030 duxit,
567 955 662 1032 gladio
684 954 764 1014 illum
786 958 1054 1029 cnoumeireinavit,
1077 957 1134 1016 oir-

98 1020 165 1091 mli
179 1034 269 1114 legem
290 1041 365 1100 infra
386 1042 523 1102 eireulum
543 1045 636 1118 posito
657 1042 811 1118 praedixit,
833 1049 862 1102 et
883 1045 938 1101 ait:
960 1041 991 1102 Si
1015 1041 1133 1119 aliquod

93 1112 290 1184 membrorum
311 1135 426 1187 tuorum
448 1136 529 1189 extra
549 1129 626 1190 hune
647 1128 784 1189 oiroulum
805 1135 872 1188 ante
892 1145 989 1189 meum
1009 1129 1134 1189 reditum

91 1198 266 1295 Ptmdem,
288 1216 431 1291 morieris,
452 1217 520 1291 qnia
539 1232 607 1275 mox
628 1233 648 1274 a
668 1215 856 1275 daemonibus
877 1222 1034 1289 extructus,
1054 1217 1133 1291 peri·

89 1269 155 1353 ¹⁸¹⁸.
191 1296 305 1359 Monuit
327 1304 422 1377 etiam,
442 1309 476 1361 ut
495 1301 565 1361 nihil
585 1292 750 1379 petebtrbus
772 1301 860 1377 daret,
880 1302 921 1361 nil
940 1304 1131 1378 promitteret,

87 1375 154 1442 ssep
171 1400 202 1443 so
223 1387 357 1463 signaret.
399 1387 438 1447 Et
458 1387 577 1449 adiecit:
603 1388 704 1448 Multis
724 1388 817 1448 modis
838 1394 867 1449 te
889 1387 1044 1449 daemones
1064 1396 1131 1448 ten·

88 1453 197 1529 hbent
217 1479 248 1531 et
267 1475 423 1550 terrebunt,
443 1493 498 1536 neo
519 1482 616 1535 tamen
636 1476 690 1535 tibi
709 1493 814 1536 nocero
833 1480 976 1551 poterunt,
997 1476 1022 1534 si
1043 1492 1128 1534 man·

91 1537 164 1644 {hm
181 1575 249 1618 mea
270 1561 447 1621 custodieris.
488 1561 686 1637 Discessitque
704 1563 742 1623 ab
765 1579 810 1622 eo.
851 1560 920 1622 Solo
942 1561 1059 1622 sedente
1080 1561 1130 1623 illo

92 1644 126 1697 ἢ
145 1644 265 1721 droulo,
294 1664 362 1708 ecoe
382 1649 454 1707 vidit
474 1655 574 1709 eontra
595 1665 627 1707 se
647 1651 795 1709 venientes
815 1647 1014 1708 inundationes
1035 1665 1130 1724 aqua-

97 1734 165 1805 lem,
186 1730 291 1793 deindo
305 1734 385 1795 audit
394 1737 543 1812 grunnitus
556 1750 717 1811 porcorum,
737 1735 823 1794 flatus
840 1742 1000 1809 ventorum,
1022 1741 1050 1793 et
1071 1733 1130 1794 alia

100 1813 301 1890 phantasmata
322 1821 367 1881 his
388 1822 490 1882 similia
515 1821 623 1895 multa,
650 1823 754 1896 quibus
781 1821 861 1880 illum
897 1820 1051 1880 daemones
1071 1828 1131 1881 ter·

100 1916 156 1965 tere
184 1906 384 1968 moliebantur.
437 1907 480 1968 At
507 1911 576 1984 quia
601 1907 697 1968 iacula
726 1910 860 1984 praevisa
891 1909 985 1966 minus
1012 1907 1130 1982 leniunt,

99 1997 195 2052 oontra
215 1992 290 2054 haee
319 2012 337 2054 a
365 1998 518 2072 semetipso
548 1995 729 2056 confortatum.
771 1994 933 2054 Novissime
960 2010 1030 2054 voro
1059 2009 1131 2054 oon·

98 2079 288 2155 templabatur
307 2083 337 2140 in
357 2099 474 2143 nemore
494 2084 589 2142 vieino
611 2084 692 2158 qnasi
705 2082 837 2142 umbram
850 2080 1006 2140 humanam
1018 2086 1131 2155 tetram,

95 2168 287 2228 summitatem
300 2169 436 2228 arborum
450 2170 635 2230 excedentem
645 2165 676 2248 ⁴),
698 2185 773 2244 quae
785 2167 823 2227 ad
835 2170 929 2244 ipsum
949 2167 1130 2243 properabat.

93 2251 131 2311 llt
149 2254 291 2314 intellexit
311 2257 420 2331 statim,
442 2258 510 2332 quia
530 2254 662 2316 diabolus
683 2263 767 2330 esset,
788 2260 821 2313 ut
841 2254 902 2313 fuit.
945 2253 1001 2330 Qui
1019 2259 1052 2312 ut
1073 2255 1131 2313 eir·

93 2338 191 2400 enlnm
212 2343 321 2418 attigit,
342 2345 435 2418 stetit,
457 2350 486 2402 et
515 2343 583 2420 quid
615 2343 669 2402 sibi
689 2341 777 2402 vellet
797 2341 917 2400 militem
936 2342 1130 2416 interrogavit

91 2424 164 2486 Erat
184 2435 284 2487 autem
312 2431 394 2505 quasi
415 2447 536 2507 magnus
557 2432 616 2503 vir,
642 2431 703 2488 imo
729 2430 871 2488 maximus
898 2434 928 2488 ot
947 2428 1130 2503 nigerrimus,

92 2511 262 2594 vesteque⁶)
283 2517 420 2594 subnigra
439 2517 565 2591 indutus,
587 2521 723 2576 ottantae
745 2513 939 2588 deformitatis,
960 2515 1042 2572 utin
1064 2529 1130 2572 eum

91 2600 175 2660 miles
196 2605 338 2679 respicere
349 2597 371 2683 ⁶)
392 2620 451 2663 non
471 2611 579 2679 posset
622 2602 676 2662 Cui
696 2604 738 2661 sio
758 2603 811 2660 ait:
833 2601 914 2660 Bene
934 2599 1026 2659 fecisti
1046 2600 1130 2659 voni·

91 2686 184 2764 endo,
214 2692 366 2766 egoenim
387 2689 485 2750 videre
505 2697 535 2750 te
556 2689 724 2749 desideravi.
766 2686 815 2746 Ad
837 2684 928 2762 quid?
949 2687 1051 2760 inquit
1092 2684 1131 2744 Et

90 2772 153 2836 ille:
179 2775 275 2836 Multa
303 2775 345 2837 de-
366 2782 395 2836 te
416 2777 523 2836 audivi.
564 2774 767 2850 Respondente
788 2771 914 2846 diabolo,
935 2771 1004 2847 quid
1026 2770 1062 2832 do
1082 2788 1130 2832 me

92 2861 250 2922 audivisti?
271 2864 393 2924 subiecit
404 2864 502 2923 miles:
522 2862 623 2922 Pauca
637 2862 722 2934 bona,
740 2866 769 2919 et
781 2858 968 2918 multamala.
987 2857 1037 2917 Ad
1051 2857 1130 2933 quod

93 2947 239 3010 diabolus:
273 2949 366 3026 Saepe
395 2967 441 3010 me
468 2949 595 3010 iudicant
627 2953 656 3008 et
687 2946 879 3006 condemnant
909 2945 1039 3005 hominos
1069 2946 1130 3006 sine

93 3052 190 3097 eausa
232 3035 296 3113 Ego
316 3039 459 3097 nominem
473 3033 492 3117 ⁷)
513 3036 608 3109 nocui,
633 3035 776 3094 neminem
798 3031 891 3107 laedo,
911 3034 966 3091 nisi
986 3047 1130 3109 provoca·

92 3128 148 3183 tus.
190 3122 341 3199 Philippus
370 3125 507 3201 magister
534 3129 615 3197 tuus,
643 3121 737 3180 bonus
765 3120 876 3179 amicus
901 3136 984 3179 mous
1011 3125 1068 3193 est,
1100 3126 1130 3178 et

93 3226 148 3287 ego
176 3209 266 3286 illius;
295 3226 403 3286 quaere
432 3211 456 3269 si
481 3226 609 3285 uuquam
637 3206 718 3266 illum
747 3204 920 3265 offenderim.
962 3205 1026 3282 Ego
1055 3203 1129 3265 faoio

93 3296 171 3372 quod
192 3295 233 3355 illi
253 3296 358 3373 placet,
381 3299 491 3372 etipse
513 3296 583 3355 mihi
603 3297 633 3353 in
654 3294 787 3354 omnibus
809 3293 996 3368 obtemperat.
1028 3290 1130 3351 Voca-

92 3390 140 3445 tus
160 3384 200 3445 ab
220 3383 286 3459 illo,
312 3382 401 3444 modo
422 3382 480 3443 buo
502 3385 569 3442 voni
589 3381 627 3441 ad
649 3388 687 3440 te.
730 3379 814 3440 Tnno
835 3377 930 3439 miles:
959 3376 1016 3439 Ubi
1037 3376 1129 3451 suisti,

110 3585 203 3656 0130
219 3602 323 3655 neque
341 3585 488 3638 omnibus
514 3583 647 3652 expedit
672 3581 762 3645 illos3
780 3580 856 3650 paolo
873 3589 932 3648 post
948 3595 1016 3631 curn
1034 3577 1084 3629 add
1100 3576 1128 3630 C.

163 3684 195 3695 -
214 3656 246 3724 2)
263 3656 349 3710 AGDP
367 3656 522 3709 evenerit.
542 3683 572 3693 -
592 3653 624 3720 3)
642 3651 694 3704 vol
711 3650 760 3702 add
779 3651 808 3703 Β.
827 3678 858 3689 -
886 3650 919 3719 l)
936 3648 1001 3701 Ab?
1018 3661 1130 3698 ascen·

162 3724 299 3779 dentom.
318 3755 350 3766 -
376 3725 408 3794 5)
426 3740 486 3794 que
503 3722 552 3775 add
570 3721 619 3776 BG.
638 3751 671 3760 -
698 3721 730 3789 6)
748 3719 790 3774 bc
812 3718 904 3772 miles
931 3719 961 3770 in
987 3732 1055 3769 eum
1082 3730 1130 3767 ro·

162 3795 307 3862 spicere,
333 3794 356 3849 b
381 3796 413 3847 in
439 3810 507 3847 eum
533 3793 707 3860 respicere
732 3788 835 3843 miles.
854 3816 886 3828 -
905 3788 938 3856 7)
954 3786 977 3840 li
993 3785 1121 3838 nemini.
