2438 4170
434 119 489 184 nn
510 121 780 186 DAEMONIBiis.
916 95 918 98 ’
1061 125 1124 186 aon

71 234 147 307 lim
167 239 344 303 horrendum
371 245 400 303 in
427 245 523 305 odium
546 246 651 305 Christi
672 245 759 306 etad
787 244 983 305 confirsionem
1011 252 1127 307 nostrae

88 314 155 383 idei
179 332 251 408 egit,
279 337 312 388 ut
334 334 420 391 etiam
439 335 517 409 ipsos
541 333 645 392 Christi
665 335 793 393 inimicos
814 348 929 391 movere
951 334 1050 391 merito
1073 333 1127 393 de·

91 400 168 470 beat
210 417 301 477 Juxta
321 418 410 478 altare
430 422 544 478 maioris
566 421 703 479 ecclesiae
725 427 855 479 ventrem
876 437 960 477 suum
980 421 1126 496 purgavit,

95 493 121 547 lt
140 501 220 573 palia
240 504 336 562 altaris
357 508 434 581 ipsas
454 506 646 566 immunditias
668 507 791 566 detersit.
836 505 929 564 Ceteri
949 522 1018 564 vcro
1040 506 1127 564 furori

94 570 216 648 furorem
243 590 420 666 adiicientes,
448 600 573 652 scortum
599 611 684 668 super
711 610 824 653 sacrum
845 591 934 651 altare
955 598 1125 667 posuerim,

95 657 123 758 ΞΠ
146 683 299 753 conspectu
315 675 331 757 ¹)
354 679 477 738 crucifixi
494 696 527 739 eo
543 682 583 739 ibi
597 682 756 739 abutentes.
783 680 891 738 Postea
910 681 1007 754 ipsam
1017 696 1128 738 sacram
1199 737 1202 742 .

95 759 246 837 maginem
258 765 447 842 detrabentes,
459 767 576 826 brachia
598 769 623 824 ei
636 766 857 842 praesciderunt,
878 765 968 824 multo
990 765 1126 824 militibus

95 826 217 909 flacus
246 850 414 926 deteriores,
443 855 491 928 qni
512 860 639 927 mortuo,
667 870 704 912 ne
733 856 793 912 cius
815 869 897 909 crura
917 839 1077 928 frangerent
1089 849 1127 931 ²),

93 930 287 1022 Repercerunt.
329 938 531 999 NOVICIUS:
561 939 631 1015 Quis
659 957 717 998 non
747 944 861 1014 stupeat
882 936 920 996 ad
942 944 1050 999 tantam
1070 955 1126 1014 pa-

93 1007 220 1082 hastam
242 1023 317 1083 Dei?
360 1023 595 1086 MONACHUS:
616 1025 799 1102 Longanimis
822 1030 865 1084 est
879 1026 953 1084 enim
975 1027 1126 1101 etpatiens

91 1102 259 1191 redbbffl).
303 1111 359 1187 Qui
371 1108 560 1171 Damiatanos
581 1119 647 1187 post
668 1114 824 1186 victoriam,
846 1128 880 1170 co
903 1111 979 1186 quod
1001 1111 1127 1171 crucifixi

92 1193 169 1281 pollo
188 1197 254 1257 fune
277 1197 393 1274 alligata
402 1193 433 1277 4),
455 1216 506 1274 per
521 1199 631 1274 plateas
651 1199 731 1258 illum
753 1202 898 1258 traxerunt
910 1194 939 1277 ⁵),
960 1200 989 1256 in
1003 1198 1076 1258 collo
1099 1204 1129 1258 et

91 1280 129 1336 ¹¹1
147 1290 263 1360 gutture.
278 1290 338 1342 tarn
351 1285 509 1344 terribiliter
521 1281 541 1364 ⁶)
556 1287 675 1361 punivit,
696 1293 766 1362 puto
782 1287 849 1360 quia
869 1284 922 1342 has
937 1284 1130 1361 blasphemias

92 1368 207 1430 ¹minime
239 1371 435 1430 dissimulabit.
477 1372 629 1430 Albienses
651 1380 805 1448 antequam
825 1373 936 1429 veniret
958 1378 1056 1432 contra
1078 1389 1128 1432 eos

93 1458 231 1517 &orcitus
249 1457 384 1540 Domini,
408 1464 440 1516 ut
461 1476 547 1533 supra
568 1459 675 1539 dictum
697 1467 748 1535 est,
768 1457 1046 1516 Miralimomelinum
1066 1458 1129 1518 Ra·

94 1552 160 1615 gem
180 1543 215 1602 de
228 1543 363 1602 Mamoch
383 1547 414 1602 in
432 1545 567 1602 auxilium
589 1547 643 1604 sibi
664 1548 861 1605 invitaverant.
894 1543 949 1619 Qui
971 1543 1006 1602 dc
1020 1544 1129 1604 Affrica

92 1621 124 1688 in
143 1629 296 1707 Hispanias
319 1648 383 1690 curn
406 1637 465 1690 tam
486 1632 643 1690 incredibili
663 1632 842 1691 multitudine
863 1632 956 1704 venit,
984 1637 1017 1688 ut
1037 1637 1130 1690 totam

94 1708 283 1797 Europam-sc
298 1719 424 1776 obtinere
438 1735 522 1793 posse
539 1725 674 1793 speraret.
695 1719 845 1777 Mandavit
862 1718 947 1774 etiam
962 1716 1129 1777 Innocentio

95 1797 201 1880 Papae,
223 1806 290 1879 quia
312 1821 401 1878 equos
422 1822 490 1863 suos
510 1807 539 1862 in
553 1807 664 1880 porticu
685 1805 822 1878 eeclesiae
844 1804 1015 1863 boati-Petri
1038 1803 1128 1863 debe·

96 1897 138 1950 ret
159 1890 310 1968 stabulare,
333 1898 362 1949 et
382 1908 468 1967 snper
487 1890 566 1949 illam
587 1890 723 1951 vexillum
744 1910 828 1951 suum
849 1889 946 1966 figere.
986 1889 1071 1967 Quod
1093 1907 1128 1949 ex

95 1982 175 2053 parte
195 1977 343 2053 impletum
370 1985 427 2051 cst,
461 1980 514 2035 etsi
534 1995 617 2036 secus
640 1996 727 2053 quarn
746 1981 808 2053 ipse
831 1979 1006 2052 cogitaverat
1018 1974 1047 2057 ⁷).
1089 1976 1130 2035 Et

96 2064 162 2139 qula
182 2063 264 2123 Deus
285 2064 388 2139 trangit
409 2081 493 2122 omne
507 2065 671 2139 superbum,
693 2065 794 2123 eodem
814 2071 951 2138 tempore,
972 2080 1047 2122 anno
1070 2065 1128 2122 sci-

88 2146 191 2230 'licet⁸)
212 2152 320 2226 gratiae
341 2149 489 2208 millesimo
513 2150 705 2210 ducentesimo
729 2151 905 2224 duodecime,
931 2153 1052 2226 septimo
1075 2149 1128 2209 dc·

93 2236 168 2297 aimo
188 2235 336 2295 Kalendas
356 2236 495 2313 Augusti,
521 2236 556 2296 de
579 2240 703 2297 exercitu
725 2240 784 2296 eius
807 2239 893 2296 occisi
915 2244 981 2296 sunt
1002 2235 1128 2311 quadra-

69 2327 71 2332 '
92 2323 173 2399 ginta
192 2322 281 2381 millia
289 2329 480 2399 pugnatorum
491 2320 522 2403 ⁹).
564 2323 631 2399 Ipse
652 2341 721 2382 vero
741 2326 771 2381 in
785 2323 914 2383 sibiliam
930 2320 958 2403 ¹⁰)
980 2340 1011 2382 se
1032 2330 1127 2381 trans-

92 2408 200 2483 ferens,
230 2426 265 2468 cx
287 2409 384 2468 dolore
410 2418 539 2470 mortuus
561 2415 613 2497 est.
656 2410 743 2469 Cuius
765 2411 900 2469 vexillum
922 2409 1077 2484 principale
1097 2412 1127 2467 in

92 2494 169 2555 bello
191 2502 306 2575 captum
319 2496 485 2556 Innocentio
508 2503 551 2555 est
572 2500 777 2570 transmissum,
799 2499 876 2556 etin
899 2496 1019 2554 ecclesia
1040 2512 1127 2570 prac-

94 2575 229 2640 dictand
252 2581 353 2641 Christi
376 2583 495 2658 gloriam
517 2589 650 2642 erectum.
684 2583 766 2642 Haec
789 2582 823 2641 de
844 2581 1028 2640 Albiensibns
1051 2581 1127 2642 dicta

93 2669 158 2727 sint.
200 2667 403 2732 NOVICIUS:
424 2669 454 2728 Si
476 2670 595 2728 brissent
616 2672 688 2728 inter
701 2670 830 2727 homines
851 2671 920 2727 istos
943 2670 995 2727 viri
1014 2667 1127 2743 literati,

92 2753 165 2814 torte
184 2772 243 2814 non
257 2760 368 2814 tantum
386 2762 534 2814 errassent.
566 2755 799 2814 MONAOHUS:
818 2755 939 2814 Literati
954 2772 1019 2813 cum
1034 2771 1125 2814 errare

92 2841 243 2917 incipiunt,
265 2843 351 2902 etiam
370 2842 521 2918 illiteratis,
541 2845 676 2902 instinctu
698 2841 854 2918 diabolico,
874 2842 939 2918 plus
961 2847 990 2901 et
1010 2843 1126 2918 gravius

93 2925 243 3004 desipiunt

112 3283 142 3358 l)
159 3289 222 3342 11111>
248 3290 520 3358 ιιιρθοιυ;,ιῃοιΒ
545 3309 580 3375 en
605 3307 650 3359 pro
674 3309 718 3344 eo.
741 3321 770 3331 -
790 3290 860 3374 m
879 3280 1122 3374 irnngcrentnr.
1195 3358 1199 3365 Ι

160 3358 1123 3509 ffffl;,3,1³„',‘„{),¹,³{⁰,¹¹·„ss,3{tst{{,¹23¹‘,¹0⁸„⁵f,¹¹}¹v¹¹‚⁵4{³⁸,⁰{}{“,

105 3510 111 3526 ⁴
162 3528 202 3559 —⁴
218 3500 250 3566 5)
273 3500 315 3551 ΑΡ
333 3503 504 3556 traxerint.
529 3529 559 3539 -
586 3499 923 3568 ammirabiliter.
942 3496 1123 3550 DeDarnrata-

159 3583 248 3620 norum
266 3568 420 3636 blasphemia
438 3579 512 3639 atque
530 3585 612 3638 poena
630 3568 687 3621 vide
705 3579 731 3621 ct
748 3572 811 3622 inira
830 3569 892 3632 Vlll,
910 3567 1030 3634 27.-7)
1041 3564 1123 3617 ABcl'

103 3697 107 3708 Ι
160 3640 353 3708 cogitasset.
378 3668 412 3679 -
434 3641 465 3708 8)
489 3639 552 3691 ADP
576 3638 706 3690 scilicet
731 3654 820 3690 anno.
844 3667 874 3676 —
900 3639 931 3706 9)
955 3636 1018 3688 nni>
1051 3635 1122 3685 eius

160 3709 334 3778 sexaginte
351 3709 452 3762 millia
470 3718 688 3780 pugnatorum
700 3701 1118 3773 ceciderunt—tumentia.
