2438 4170
430 121 486 181 DE
506 120 796 182 SIMPLICI'PATE.
1065 124 1125 181 341

98 243 217 321 simplex
225 243 309 303 luerit
316 245 443 318 inundo,
457 245 498 303 ibi
506 260 624 303 necesse
632 250 714 303 estut
723 243 1057 319 lucidasequaturaoti03
1070 246 1129 304 sic-

100 334 305 405 otecontrario,
320 331 419 390 oculus
430 349 563 406 nequam,
582 331 612 389 id
625 339 677 404 est,
697 333 816 390 intentio
827 330 905 389 mala
914 337 1001 405 atque
1010 347 1129 405 persor

98 434 136 493 sa,
149 425 242 478 totum
257 435 369 509 corpus,
389 418 482 492 idest,
503 436 585 492 opus,
597 417 684 476 efficit
704 419 895 477 tenebrosum.
915 416 999 476 Unde
1013 418 1108 477 bene
1101 436 1129 475 m

97 512 177 564 sexta
208 485 388 563 distiuctione
419 505 599 564 tractandum
631 505 744 563 ridetur
772 504 808 564 de
838 504 1032 579 simplicitate,
1062 506 1131 579 quia

97 594 170 651 dont
201 595 330 650 senarius
358 609 493 650 uumems
527 591 694 650 naturaliter
728 598 771 650 est
798 592 958 673 perfectus,
986 593 1026 649 ita
1056 591 1129 650 haec

95 680 193 753 draus,
215 679 392 736 secundum
384 697 441 736 ram
459 679 565 737 dictam
586 681 757 736 sententiam
774 678 940 751 salvatoris,
961 685 1053 736 totum
1074 678 1130 737 ho-

96 767 200 824 minem
222 764 394 824 luminosum
414 765 482 823 lacit
493 762 509 844 ¹)
538 772 625 839 atque
646 766 811 840 perlectum.
852 763 948 823 Jacob
970 764 1090 839 simplex
1111 783 1130 823 a

94 858 175 928 pane
195 851 388 926 benedicitu13
417 852 493 910 filius
522 854 583 910 eius
611 851 723 926 Joseph
744 847 891 930 simplex²)
921 854 973 909 toti
994 851 1128 927 Aegypto

94 956 113 998 a
132 938 284 997 Pharaone
297 939 474 1013 praeficitur3
495 938 554 998 Job
577 939 698 1013 simplex
719 956 738 996 a
758 938 884 996 Domino
907 938 1129 997 commendatur.

94 1025 192 1085 Virtus
220 1025 407 1101 simplicitatis
435 1043 453 1084 a
482 1024 595 1084 Christo
617 1024 762 1099 discipulis
796 1024 990 1100 praedicatur:
1019 1025 1129 1097 Estote,

93 1113 360 1188 inquitpmdeatea
373 1116 448 1171 ucat
462 1118 616 1187 tepentes,
638 1119 667 1170 ct
679 1113 820 1186 simplices
841 1115 916 1170 sicud
937 1109 1130 1187 coluruboa³).

93 1198 272 1274 simplicitati
295 1200 441 1274 coniungit
465 1199 660 1273 pmdentiam‚
690 1205 807 1274 propter
833 1199 1005 1257 vecordiam.
1055 1199 1129 1258 Item

94 1284 176 1346 dicit:
198 1287 265 1345 Nisi
285 1289 417 1344 conversi
435 1285 568 1361 fueritis,
600 1293 627 1344 ct
649 1284 817 1361 efficiemini
837 1289 913 1345 sicut
928 1281 1066 1361 prccr·i³)‚
1099 1285 1128 1343 id

93 1379 145 1447 ost,
167 1372 289 1431 humiles
300 1379 329 1432 et
349 1372 501 1448 simplices
521 1389 583 1430 aea
598 1371 746 1431 intrabitis
758 1376 790 1430 ia
803 1391 930 1446 reparcur
940 1370 1128 1442 coelorucm‘).

92 1458 334 1535 Simplicitasvia
355 1459 458 1517 estad
478 1459 589 1532 Deum,
618 1465 699 1534 grata
721 1458 842 1535 angelis,
864 1459 1026 1517 hominibus
1047 1458 1128 1519 dele·

92 1545 213 1606 ctabilis.
244 1545 328 1606 Unde
343 1549 443 1606 ceteris
464 1547 617 1603 virtutibus
640 1547 758 1619 omissis,
781 1552 905 1620 quantae
926 1548 964 1605 sit
984 1545 1128 1606 efficaciae

92 1637 194 1693 sancta
215 1633 392 1710 simplicitas,
413 1635 513 1708 paucis
534 1632 684 1707 explicabo
706 1631 852 1706 exemplis.

466 1819 697 1880 CAPITULUM
716 1821 755 1878 11.

107 1956 111 1963 ·
142 1944 191 2025 Dc
210 1946 333 2020 sirplici
354 1944 507 2014 anonaebo,
530 1945 583 2018 qui
604 1959 707 2000 comcs
729 1945 760 1999 ia
781 1948 878 1999 cestro
899 1930 1083 2011 comedendo,

343 2047 455 2106 pecora
476 2031 649 2088 comestoris·
669 2032 717 2087 aei
736 2028 864 2087 reducit.

153 2150 296 2237 Dominus
331 2151 418 2210 Wido
454 2151 557 2210 Abbas
585 2149 793 2224 cisterciensis,
821 2155 923 2224 postea
955 2147 1127 2221 cardinalis,

89 2254 156 2297 cum
183 2240 288 2297 missus
316 2237 415 2297 fuisset
444 2237 591 2297 Coloniam
623 2236 661 2295 ad
694 2237 861 2296 electionem
890 2235 1127 2308 confirmandam,

89 2340 165 2400 qnae
185 2323 262 2384 iacta
282 2325 375 2383 luerat
396 2331 495 2384 contra
511 2325 675 2399 Philippum
696 2326 726 2381 in
742 2322 885 2395 Ottonem,
905 2321 1001 2380 reurlit
1021 2322 1127 2402 ilp'dem

89 2410 236 2487 quarrdam
257 2419 374 2471 sanctae
396 2412 583 2488 simplicitatis
604 2412 760 2484 historiam,
782 2411 850 2469 satis
866 2408 1019 2466 iocundam
1041 2410 1126 2466 satis-

89 2514 147 2574 que
167 2496 334 2558 mirabilem.
376 2499 502 2558 Dicebat
530 2498 646 2556 domum
676 2495 820 2572 quandam
850 2494 955 2552 ordinis
982 2497 1071 2553 nostri
1098 2495 1127 2551 in

89 2590 165 2645 terra
187 2585 336 2644 cuiusdam
347 2586 450 2645 nobilis
471 2587 524 2643 viri
546 2592 632 2659 atque
651 2585 775 2658 potentis
788 2581 875 2639 fuisse
897 2583 990 2638 sitam.
1034 2580 1127 2656 Quam

88 2671 165 2732 idem
186 2678 338 2749 mannus,
367 2690 400 2732 eo
424 2670 501 2747 quod
522 2672 618 2730 Deum
639 2687 697 2729 non
718 2672 842 2742 timeret,
869 2684 963 2742 neque
984 2666 1127 2726 hominem

90 2765 273 2834 revereretur,
294 2757 390 2818 multis
412 2758 504 2817 modis
526 2774 612 2833 saepe
634 2756 806 2815 molestavit.
848 2754 895 2813 De
917 2771 1039 2829 annona,
1060 2756 1126 2813 vino

90 2851 119 2905 et
138 2845 307 2922 pecoribus,
337 2849 468 2920 quotiens
491 2851 520 2904 et
540 2850 678 2919 quantum
699 2843 798 2917 voluit,
819 2842 891 2916 tulit,
913 2847 1051 2915 quantum
1072 2857 1127 2899 vo-

89 2930 142 3001 luit
161 2923 294 2991 iratribus
317 2932 428 3003 dimisit
451 2932 579 3006 Cumque
601 2931 657 2990 hoc
674 2949 710 2990 ex
724 2929 928 2990 consuetudine
942 2935 970 2987 et
981 2930 1063 3004 quasi
1076 2945 1126 3003 pro
1179 2992 1185 3001 ⁸

88 3017 152 3097 lege
165 3019 275 3080 habeus
290 3021 428 3093 actitaret,
450 3026 479 3078 et
493 3025 659 3093 conventus,
675 3019 862 3093 querimoniis
884 3015 981 3074 nmltis
994 3014 1128 3073 inutiliter·

89 3106 206 3181 delatis,
234 3123 351 3183 gemens
373 3112 481 3165 taceret
492 3103 528 3185 ⁶),
557 3106 602 3164 die
624 3105 750 3180 quadam
771 3106 924 3162 maximam
945 3108 1056 3178 partem
1078 3120 1128 3161 ra-

88 3195 151 3269 puit
172 3195 301 3267 armenti
322 3195 499 3268 praecipiens
520 3191 598 3251 illam
619 3191 657 3251 ad
676 3199 800 3251 castrum
814 3206 898 3249 snum
919 3192 1028 3249 minari.
1062 3187 1126 3264 Quo

89 3282 220 3357 cognito,
247 3279 350 3339 Abbas
373 3285 401 3339 et
421 3280 522 3339 iratres
544 3282 612 3339 satis
634 3278 836 3351 turbabantur,
863 3279 892 3335 in
914 3294 1034 3351 quorum
1056 3291 1127 3334 con·

87 3366 150 3427 silio
173 3365 242 3443 quid
269 3367 345 3426 iacto
368 3382 441 3442 opus
463 3372 545 3440 esset,
573 3368 642 3425 satis
663 3365 848 3424 tractabatur.
895 3364 1000 3422 Visum
1022 3363 1127 3421 osteis

106 3483 292 3607 odefacitn
309 3480 808 3549 Bcetf101r2Js1mlexudd
826 3480 917 3533 Bc
937 3477 1066 3548 amiani.
1086 3479 1127 3541 10

151 3636 240 3673 omncs
220 3553 316 3675 1113!
321 3552 358 3675 (ln
364 3552 554 3677 Ρὶῇιῐονειὲιιοεα
558 3548 1159 3679 ἱεῧεέἰοξὶιὲξὼειωοοξηεῃκῖιῦζῖζῂὲζ-

140 3691 208 3741 niis
224 3691 342 3747 multis
359 3694 537 3754 inutiliter
556 3695 729 3764 ittotl'ttllq
745 3697 937 3769 gemonios
950 3681 1128 3738 ancarana
