2438 4170
89 220 152 277 arc
401 182 802 294 Dmmomoeurrtun

89 338 139 399 illa
158 338 231 398 bora
251 340 380 414 tentatio,
401 356 488 415 quam
509 341 588 399 visus
608 341 740 399 incautus
760 341 792 397 in
812 339 922 416 ungine
943 339 1123 414 excitaverat,

92 428 264 501 conquievit.
306 425 389 487 Haec
418 426 541 502 exempli
562 443 650 487 eausa
677 425 713 485 de
744 428 901 486 tentatione
920 425 1051 487 luxuriae
1070 428 1121 485 sirit

91 513 176 573 dicta.
218 511 419 573 NOVICIUS:
441 513 552 589 Quibus
566 515 652 572 armis
672 512 863 573 resistendum
885 519 928 573 est
948 512 994 573 hu
1013 519 1115 590 septem

91 602 167 658 vitiis
175 642 188 673 ,.
215 598 251 658 de
264 595 280 679 ¹)
316 601 420 675 quibus
452 602 510 659 iam
541 617 635 659 sermo
667 601 696 658 in
727 600 847 677 longum
875 606 1034 675 protractus
1055 598 1126 661 estl-

91 685 327 747 MONAOHUS:
360 687 524 747 Virtutibus
552 689 592 747 eis
621 689 767 762 oppositis.
816 685 1017 747 NOVIGIUS:
1046 686 1115 763 Qud

91 780 159 832 sunt
169 776 288 832 virtutes
309 773 356 833 vel
376 772 453 832 uude
475 771 625 833 dicunnu'?
651 764 888 834 MONACHUS:
909 774 1033 833 Virtutes
1051 787 1117 841 nint

47 871 50 875 '
91 860 242 936 qualitates
263 863 380 934 mentis,
408 859 511 936 quibus
532 867 609 920 recte
630 862 742 919 vivitur.
785 860 928 919 Diountm
947 867 1040 921 autem
1057 862 1117 923 vlr-

91 953 181 1023 tutes,
209 949 290 1023 quasi
319 954 417 1006 contra
437 949 507 1011 vitia
528 953 646 1006 stantest
688 946 769 1007 Stare
796 947 883 1006 debet
905 953 1001 1008 contra
1019 964 1116 1024 super-

92 1035 169 1092 biam
190 1033 348 1109 humilitas,
371 1039 470 1094 contra
491 1036 562 1092 iram
583 1033 701 1108 lenitas,
731 1040 831 1093 contra
855 1033 991 1093 invidiam
1010 1037 1113 1114 oan'tan,

91 1129 190 1181 contra
211 1123 352 1181 tristitiam
372 1119 505 1197 spiritalis
520 1119 688 1195 iocunditas,
710 1127 809 1180 contra
830 1123 979 1180 avaritiam
997 1120 1111 1198 largitas,

92 1216 191 1268 contra
206 1207 306 1284 gulam
326 1214 412 1283 potus
434 1207 547 1283 cibique
567 1209 701 1283 parcitas,
723 1216 821 1267 contra
842 1207 982 1267 luxuriam
998 1209 1109 1267 essitas

92 1294 177 1371 Quod
205 1297 230 1353 si
257 1297 287 1352 iu
318 1312 416 1371 pugna
436 1296 624 1354 tentationum
645 1296 763 1353 virtutes
783 1296 860 1353 vitiis
882 1295 998 1354 effectae
1015 1294 1107 1353 tuerint

90 1382 265 1456 superiores,
285 1383 433 1440 victoriam
454 1383 593 1456 meritum,
616 1387 645 1441 et
665 1383 797 1440 meritum
818 1383 978 1457 praemium
996 1381 1104 1456 stomun

90 1474 246 1528 aeternum.
290 1467 375 1543 Quod
401 1470 596 1543 perseveranti
623 1484 654 1527 se
677 1466 810 1527 daturum
830 1468 972 1544 pollicitus
993 1474 1031 1528 est
1046 1466 1100 1525 Do·

91 1557 184 1614 minus
206 1561 302 1613 noster
322 1554 410 1615 Jesus
433 1553 575 1629 Christus,
604 1556 653 1631 qui
675 1561 718 1613 est
738 1556 786 1613 via
806 1556 836 1613 in
858 1554 996 1631 exemplo,
1014 1555 1097 1613 verius
1147 1586 1151 1637 ⁴.

91 1645 120 1700 iu
148 1645 304 1718 promisso,
335 1645 396 1702 vita
422 1644 452 1700 in
480 1644 616 1717 praemio.
670 1641 730 1716 Ipsi
757 1659 823 1700 cum
850 1642 937 1713 Patre
969 1648 996 1702 et
1013 1640 1094 1716 spirtu

91 1737 190 1788 saneto
212 1729 303 1788 bonor
324 1737 353 1789 et
373 1731 522 1804 imperium
543 1730 573 1787 in
594 1728 709 1788 saecula
729 1728 919 1789 saeculorum.
960 1727 1068 1788 Anco„

376 1912 836 1967 ww...-

371 2125 637 2222 orsoruouo
669 2122 873 2261 outoni

87 2300 280 2383 “un
346 2299 1057 2427 mammon-rmus.

418 2454 786 2504 ψ

469 2613 701 2676 OAPITULUM
720 2614 744 2673 Ι.

123 2741 171 2798 Da
193 2756 225 2797 eo
248 2738 330 2814 quod
350 2735 505 2796 daemones
526 2740 598 2808 aiut,
621 2739 703 2812 quod
721 2739 808 2796 multi
829 2740 896 2810 mut,
918 2738 998 2815 quod
1017 2737 1083 2795 muli

397 2827 456 2882 stat
478 2831 506 2882 et
526 2823 691 2883 bominibus
716 2824 822 2900 infesti.

156 2945 284 3005 RECTE
312 2952 380 3021 post
407 2946 592 3004 tentationem
619 2943 798 3003 tractandum
824 2946 937 3005 videtur
964 2963 1027 3006 esse
1038 2942 1058 3024 ²)
1081 2942 1108 3002 de

92 3033 288 3093 tentatoribus.
331 3033 495 3090 Daemones
516 3031 749 3091 anthonomasioe
761 3029 782 3110 ³)
804 3031 935 3091 dicuutur
955 3039 1109 3101 tentatores,

93 3123 159 3194 quia
180 3112 335 3198 niaximetl
357 3121 475 3178 tentatio
498 3125 621 3176 mentem
642 3117 789 3193 impellens
811 3118 849 3177 ad
870 3119 1055 3194 peccandum,
1073 3115 1110 3177 vel

91 3210 158 3281 ipsis
181 3203 446 3284 abactoribus,
479 3206 526 3264 vel
554 3208 753 3265 incentoribus.
796 3205 827 3265 Si
849 3206 980 3266 diabolus
1000 3208 1110 3282 primum

90 3293 235 3352 hominem
254 3296 375 3351 tentavit
394 3295 423 3350 in
443 3292 592 3367 paradiso,
614 3295 639 3350 si
661 3291 802 3350 Christum
824 3298 934 3352 tentare
954 3292 1113 3369 praesumsit

90 3382 117 3437 in
148 3379 275 3452 deserto,
309 3397 394 3453 quem
422 3379 568 3437 hominum
580 3376 601 3458 ⁶)
634 3385 743 3439 tentare
776 3396 834 3437 non
862 3380 979 3439 audebit
1005 3382 1035 3437 in
1064 3378 1110 3437 hoo

90 3466 216 3526 mundo?
259 3467 326 3525 Duo
349 3464 488 3541 siquidem
510 3466 604 3542 angeli
626 3466 741 3525 cuilibet
761 3466 868 3525 homiui
889 3474 955 3526 sunt
976 3466 1110 3542 deputati,

108 3654 137 3722 1)
156 3653 191 3703 de
218 3668 258 3703 om
277 3651 349 3704 ADP.
369 3680 399 3690 —
427 3652 459 3719 2]
478 3652 519 3705 BC
537 3668 609 3703 esse
629 3651 769 3704 videtur.
788 3683 818 3691 -
839 3653 870 3721 3)
889 3651 1110 3705 BCPautbono-

157 3724 282 3775 rustice.
303 3751 333 3760 —
357 3721 389 3788 l]
407 3720 448 3774 BC
466 3726 577 3775 omnis.
597 3752 627 3761 -
648 3721 717 3789 5)c
739 3723 871 3774 maxime
894 3724 936 3775 iit
958 3721 1008 3775 vel
1032 3721 1108 3788 ipsis.

155 3825 187 3832 -
206 3794 237 3863 6)
255 3791 316 3847 Bor
334 3791 500 3843 bominem.
