2438 4170
91 212 150 272 128
404 209 633 272 DISTINO'I'IO
653 209 804 273 TERTIA

89 340 200 411 posset,
229 331 312 391 alteri
332 331 445 390 cuidam
466 333 520 391 sibi
540 332 671 392 familiari
692 333 778 410 dixit3
806 335 906 409 sicque
925 350 977 409 por
995 350 1093 394 sumu

88 423 216 480 notitiam
237 422 324 478 totius
345 419 499 494 parochiae
519 423 658 495 pervenit.
700 419 787 479 Anno
811 420 924 497 expleto
936 418 967 500 ¹),
987 420 1093 481 sacerdo

89 526 147 568 non
169 514 213 565 est
233 513 377 581 mortuus,
409 513 438 565 ct
464 509 597 565 inventus
626 512 670 566 est
696 507 786 566 salsus
814 507 956 583 propheta
982 506 1093 567 damur

90 594 129 652 ut
149 595 216 668 quia
237 593 333 651 electis
355 596 451 652 omnia
472 601 661 670 cooperantur
682 596 711 651 in
733 592 886 674 bonum²);
907 597 936 652 in
957 611 1000 670 co,
1017 597 1093 671 inqu

90 683 133 739 vir
154 685 270 739 sanctus
284 679 435 738 videbatur
455 679 601 738 adiabolo
624 680 769 756 deceptus,
791 687 1000 757 estpromotus.
1027 681 1093 740 iimri

89 769 164 827 enim
186 767 221 826 de
234 774 295 824 tam
317 766 416 825 dolosa
438 769 677 826 circumventione
699 768 882 843 erubescens,
902 775 1014 844 propter
1023 767 1093 827 honi

88 871 155 929 nes,
187 853 225 912 ad
247 870 319 929 quos
340 855 460 912 verbum
480 860 663 928 pervenerat,
691 871 746 913 nec
767 853 879 914 habens
900 855 977 915 unde
997 857 1093 914 ureret

88 941 234 1001 saeculum
256 958 322 999 cum
342 941 479 1015 parochia
500 940 637 1015 deseruit,
659 943 736 998 etin
759 941 886 1015 quadam
908 941 993 1001 domo
1014 940 1093 1000 ordini

88 1030 191 1101 nostri,
214 1030 293 1086 cuius
314 1043 420 1086 nomen
441 1027 558 1102 excidit,
580 1044 611 1086 se
634 1030 781 1087 convertit
824 1029 916 1087 Facto
939 1046 974 1088 eo
994 1028 1093 1087 norico

88 1118 190 1173 iterum
211 1112 340 1173 diabolus
362 1113 450 1187 affuit,
475 1120 504 1172 et
523 1113 686 1172 huiusmodi
706 1114 802 1173 verbis
824 1101 1003 1190 praedictum
1021 1112 1093 1175 doiun

88 1201 228 1277 palliavit:
271 1199 315 1259 Ne
336 1201 466 1273 turbone,
487 1203 586 1276 inquit,
606 1200 693 1260 homo
715 1201 770 1259 Dei
779 1198 809 1280 ³),
832 1202 911 1274 quod
922 1208 1093 1261 mortimsnu

89 1305 128 1364 es,
148 1295 181 1345 ut
200 1287 336 1363 praedixi,
358 1290 425 1361 quia
434 1286 516 1346 Deus
537 1305 591 1347 sua
611 1287 790 1362 providentia
811 1290 901 1347 vitam
922 1295 1002 1348 tuam
1014 1284 1093 1347 &tuli

89 1375 127 1434 ad
153 1375 306 1433 multorum
334 1373 568 1432 aedificationem.
610 1374 717 1451 Missus
745 1392 811 1433 sum
842 1376 880 1434 ab
910 1376 976 1450 ilio,
1005 1381 1034 1434 ut
1058 1371 1093 1431 tiu

88 1464 235 1535 assistam,
266 1464 402 1519 instruam
431 1468 460 1519 et
481 1460 648 1520 custodiam.
690 1461 729 1519 Et
751 1460 870 1520 credidit
892 1465 918 1521 ei
938 1462 994 1522 ille.
1033 1458 1093 1520 ὤεα

89 1565 175 1624 quem
197 1548 328 1608 diabolus
348 1547 510 1622 frequentor
529 1548 706 1622 versabatur,
728 1555 757 1606 et
778 1565 906 1624 semper,
928 1552 1001 1609 sicut
1018 1550 1093 1624 ports

89 1637 213 1710 notavit,
242 1635 280 1694 ad
307 1651 342 1693 ea
370 1652 445 1709 quae
474 1634 512 1693 ad
540 1634 721 1693 commodum
749 1641 830 1708 sunt,
858 1653 925 1694 eum
946 1635 1093 1694 hortabatu

91 1723 163 1781 Cum
185 1740 251 1781 eum
272 1723 367 1780 fervor
389 1721 561 1795 quandoque
581 1721 738 1797 impelleret
759 1721 883 1796 amplius
905 1739 994 1796 orare,
1015 1718 1093 1798 rigia

91 1827 130 1884 re,
152 1812 213 1868 sive
235 1809 367 1868 manibus
387 1808 525 1882 laborare,
547 1811 639 1884 arguit
660 1825 727 1867 eum
746 1804 822 1887 ἱΙΙθἿ
846 1809 959 1869 dicens:
979 1804 1093 1868 Discrcti¹

90 1903 181 1955 mater
200 1899 338 1955 virtutum
360 1901 411 1953 est.
453 1894 512 1953 Diu
534 1894 628 1953 adhuc
648 1897 755 1970 poteris
775 1897 889 1970 vivere,
921 1902 950 1955 ct
977 1894 1037 1955 idco
1059 1891 1093 1952 tt

93 1983 181 2042 debes
202 1999 335 2058 parcere,
361 1989 393 2039 ut
419 1984 513 2056 possis
539 1981 604 2040 Deo
627 1982 676 2041 diu
696 1983 810 2040 servire.
854 1982 976 2059 Quando
996 1978 1093 2058 lapider

91 2070 187 2128 levare
207 2070 326 2128 volebat
347 2071 498 2142 maiorem,
526 2071 629 2127 iterum
651 2069 777 2129 dicebat:
807 2070 900 2129 Nimis
921 2086 1037 2147 magnus
1054 2067 1093 2126 cst

91 2157 156 2215 leva
176 2159 271 2215 istum.
315 2154 387 2213 Cum
408 2155 499 2214 factus
522 2147 597 2214 esset
617 2154 783 2230 monachus,
805 2159 846 2215 ait
865 2157 921 2214 iiii:
943 2153 1093 2232 RogaPrio

89 2260 157 2317 rem,
178 2251 211 2301 ut
233 2243 372 2303 concedat
392 2243 443 2300 tibi
464 2245 504 2300 ire
526 2243 563 2300 ad
584 2243 741 2319 singulares
751 2242 874 2318 iabores,
896 2241 1093 2318 quatenusiios

90 2332 147 2388 rius
156 2327 176 2410 ⁵)
198 2333 241 2388 uti
261 2332 353 2405 possis
374 2346 439 2388 meo
462 2328 612 2404 colloquio,
634 2336 663 2388 et
685 2346 738 2405 ego
760 2336 820 2388 tuo.
862 2331 901 2389 Et
922 2330 1066 2390 licentiavit
1084 2338 1093 2381 t

90 2417 184 2491 Prior,
214 2424 246 2475 ut
275 2434 391 2475 causam
419 2419 561 2492 cognovit.
603 2415 695 2475 Nocte
723 2417 849 2491 quadam
869 2417 969 2476 volens
990 2412 1093 2475 diaboiu

90 2504 187 2563 dolum
209 2504 257 2562 diu
278 2500 528 2582 praetractatum⁵)
551 2504 708 2578 perducere
730 2503 768 2560 ad
790 2504 932 2579 effectum,
952 2501 1093 2577 intempost

89 2598 173 2651 nocte
195 2591 232 2649 ad
252 2591 358 2648 lectum
379 2591 514 2648 monachi
534 2592 671 2662 accessit,
700 2592 827 2648 excitans
854 2608 921 2650 oum
951 2598 979 2650 ot
1005 2589 1093 2648 dicens

89 2678 189 2755 Surge,
209 2679 351 2737 Dominus
372 2677 434 2734 vult
455 2694 635 2735 remunerare
656 2676 769 2735 labores
790 2684 856 2736 tuos
877 2695 1004 2755 magnos
1031 2666 1093 2734 Veri

90 2765 127 2824 ad
149 2783 291 2824 cameram
312 2766 468 2839 privatam,
496 2770 524 2823 et
550 2766 579 2821 in
607 2764 658 2822 tali
686 2765 766 2822 nabe
794 2782 869 2824 zona
890 2773 941 2824 tua
962 2758 1093 2839 suspendu

89 2860 126 2926 te,
148 2859 180 2911 ut
201 2855 240 2910 sic
261 2858 416 2926 martyrem
437 2853 554 2925 recipiat
575 2858 612 2909 te.
655 2842 763 2908 Audito
785 2851 842 2910 hoc
864 2854 952 2911 verbo
963 2845 1093 2909 monachu

90 2941 213 3015 expavit,
235 2945 263 2996 et
285 2944 383 2996 contra
406 2937 551 2996 diabolum
573 2938 697 2996 crebrius
718 2955 837 3016 spuens,
856 2938 1001 2997 clamavit:
1021 2936 1093 2994 Reae

91 3025 134 3099 de,
155 3028 259 3099 inique,
281 3041 299 3082 a
319 3041 374 3097 me,
395 3025 512 3100 recede,
534 3024 621 3083 modo
642 3025 710 3081 novi
732 3027 795 3099 quis
816 3026 864 3082 sis.
896 3024 934 3081 Et
954 3027 1060 3101 signans
1068 3030 1093 3077 ut

88 3112 197 3188 fugavit
218 3111 305 3168 illum.
348 3110 438 3169 Vides
461 3119 568 3185 quanta
590 3114 627 3182 sit
654 3113 729 3169 circa
757 3128 810 3168 nos
837 3111 987 3169 clementia
1013 3108 1093 3167 dum

88 3199 168 3257 Bene
189 3199 317 3273 permisit
337 3204 369 3254 ut
390 3215 504 3256 servum
526 3216 610 3256 suum
632 3196 762 3255 diabolus
784 3200 813 3255 in
835 3197 928 3271 bono,
955 3198 1021 3268 licet
1042 3188 1093 3252 insi

88 3284 175 3359 diose,
196 3284 335 3342 subtiliori
355 3286 548 3359 propositione
571 3287 751 3359 exercitaret,
773 3284 865 3342 noluit
886 3290 982 3343 tamen
992 3289 1024 3343 ut
1031 3291 1093 3359 gron

860 3437 865 3450 ⁸
1089 3440 1093 3467 t

105 3438 136 3507 1)
155 3434 359 3557 filceofflretg
383 3436 615 3573 &ffulzoeupiffg'
637 3436 680 3544 {8
696 3465 731 3571 ὦ
746 3435 1029 3572 ΒἯΡΒρῖιοῗΤεξίυ-ιῖῑ.
1043 3432 1093 3553 ovi*

155 3575 181 3628 S.
206 3574 351 3642 Eugeibert.
370 3575 405 3638 ΙΙ,
429 3575 451 3626 1.
475 3575 541 3640 apud
565 3575 695 3626 Boehmer.
720 3577 745 3624 irr
768 3575 839 3626 Fout.
863 3576 920 3628 Rcr.
944 3577 1023 3628 Germ.
1038 3573 1093 3638 it}

154 3645 220 3697 307:
240 3652 331 3711 „atque
349 3644 407 3694 inde
424 3646 512 3695 coniici
533 3653 625 3710 potest,
642 3644 690 3695 hoc
708 3644 865 3714 sacrilegium
883 3662 934 3698 non
943 3655 992 3698 tum
1002 3645 1093 3713 primun

155 3730 211 3765 cum
228 3713 368 3781 Episcopus
385 3717 482 3765 occisus
500 3724 548 3777 est,
566 3715 642 3765 fuisse
660 3723 823 3780 conceptum,
850 3715 894 3766 sed
913 3716 954 3768 diu
971 3721 1093 3783 praetr!

154 3787 271 3836 ctutum.“
308 3784 349 3837 Sic
366 3786 431 3836 enim
449 3783 582 3854 legendum
599 3800 646 3851 pro
664 3792 912 3851 pertractatum.
