2438 4170
64 113 126 171 nr
364 110 593 173 nanneno
613 111 778 190 numus

61 235 109 295 De
131 252 189 311 qua
210 233 373 310 dicebatur,
402 234 480 311 quod
506 253 526 295 a
553 236 680 312 quodam
707 238 770 296 viro
796 230 950 314 genuisset¹
973 235 1106 314 prolem,t
1132 254 1204 312 tr,

63 327 92 382 et
113 323 181 397 quia
195 322 232 381 ab
256 339 291 382 eo
312 322 583 399 fueratrepudiata,
606 340 641 384 ax
665 325 797 385 tristitiae
807 323 990 397 vehementia
1008 323 1202 385 tulerunt

62 409 117 469 sibi
136 400 277 469 inflixerat
293 415 423 470 mortem.
716 424 719 431 ’
735 450 742 473 r

401 598 634 660 CAPITULUM
654 598 766 661 XLIV.

126 721 175 781 De
197 722 394 796 adolescente,
418 725 469 798 qai
489 721 615 781 vestibant
636 724 696 781 suit
718 722 835 797 delcun,
857 738 894 783 ex
915 724 1031 784 emano

474 827 505 868 ae
525 809 683 885 rependit
759 828 762 833 ·

125 926 203 989 Ante
222 929 292 988 illud
313 934 427 1005 tempus
448 929 615 989 adolescens
638 928 755 1004 quidam
766 928 904 990 Coloniae
923 936 1191 991 naussum-¹⁸

61 1014 213 1076 deluserat.
255 1017 312 1076 Pro
336 1033 393 1092 quo
414 1016 566 1076 infortunio
587 1019 628 1075 ita
649 1018 738 1075 tristis
759 1017 879 1076 effecurs
901 1023 953 1093 est,
973 1015 1191 1076 utsola-ss

60 1104 135 1161 rium
156 1103 258 1162 domus
279 1120 349 1163 suae
363 1100 378 1182 ¹)
401 1103 576 1178 ascenderet,
598 1110 627 1162 et
646 1103 751 1179 laqueo
773 1105 863 1163 vitam
872 1103 975 1164 finiret
1005 1102 1192 1163 uisa-‘u

60 1207 150 1264 nunc,
179 1207 266 1266 quam
294 1190 455 1264 periculosa
483 1193 519 1249 sit
539 1191 665 1266 tristitia,
698 1207 773 1265 quae
793 1207 852 1250 non
875 1196 919 1250 est
940 1188 1193 1250 seeundum

59 1275 179 1338 Deum?
221 1275 424 1337 NOVICIUS:
447 1277 523 1353 Quid
544 1278 724 1340 sentiendum
745 1283 789 1336 est
810 1276 846 1336 de
858 1279 1009 1337 animabus
1022 1278 1194 1336 isto—⁴·

60 1361 147 1422 rum?
188 1361 424 1423 MONACHUS:
457 1364 489 1423 Si
520 1363 582 1423 sola
609 1366 723 1423 tristitia
744 1370 773 1424 et
787 1359 808 1443 ²)
831 1363 1009 1440 desperatio,
1035 1366 1196 1423 nostrl

60 1449 216 1525 phrenesis,
237 1456 288 1509 aut
307 1453 410 1510 mentis
432 1451 574 1526 alienatio,
594 1453 624 1533 iu
646 1445 856 1530 causafi1it³),
878 1450 958 1511 haud
980 1449 1198 1511 drauum

61 1539 130 1613 quin
152 1528 277 1596 damnati
295 1534 365 1596 'sint
406 1538 453 1597 De
474 1538 586 1597 furiosis
609 1544 638 1597 et
657 1538 750 1612 fatuis,
771 1539 801 1595 in
823 1539 928 1612 quibus
949 1540 1021 1612 ratio
1036 1539 1201 1597 no111⁴¹¹

59 1625 139 1699 vivit,
161 1625 290 1700 quaestio
311 1641 370 1684 non
392 1631 436 1684 est
457 1627 526 1700 quin
547 1624 708 1698 salventur,
730 1640 902 1700 quocunque
922 1623 1010 1685 modo
1029 1626 1202 1683 ηιμ-Φ·

59 1712 175 1786 riantur,
196 1714 221 1770 si
241 1717 338 1771 tamen
358 1713 436 1788 prius
458 1705 648 1791 habuerunt)
665 1708 821 1771 entitatem.
864 1711 912 1772 De
931 1700 1206 1789 supradicto:¹⁰

60 1814 198 1858 converso
221 1798 337 1872 quidam
358 1800 403 1858 vir
423 1801 552 1874 sapiens,
582 1799 630 1873 qui
651 1798 732 1856 illum
753 1799 827 1857 bene
848 1800 944 1874 novit,
973 1814 1020 1859 me
1039 1796 1209 1857 ssu-‘1¹'

60 1883 154 1944 diente
176 1886 218 1944 sic
240 1886 294 1943 ait:
315 1886 381 1944 Non
403 1886 488 1945 credo
511 1884 589 1960 quod
610 1903 739 1960 unquam
759 1885 885 1960 perfecte
905 1885 1005 1946 fecerit
1023 1883 1212 1945 con-‘1¹'

43 1971 213 2037 ,fossionem
233 1988 325 2031 suam.
367 1972 449 2032 Deus
471 1974 547 2032 enim
568 1974 659 2032 iustos
681 1978 711 2031 et
730 1973 863 2032 timentes
895 1989 941 2048 se,
967 1971 1034 2032 lieet
1057 1964 1215 2030 patei

61 2059 103 2118 eis
123 2057 277 2133 aliquando
300 2059 454 2135 quosdam,
474 2062 551 2119 iusto
573 2075 626 2118 suo
648 2059 767 2134 iudicio,
793 2060 939 2135 permittat
959 2059 989 2117 in
1010 2061 1162 2118 sensit!
1181 2062 1200 2089 ³

60 2145 226 2220 periclitari,
252 2163 310 2205 non
338 2150 435 2211 tamen
466 2146 530 2206 illos
558 2148 626 2205 sinit
646 2152 706 2207 tam
726 2146 881 2206 miserabili
901 2151 995 2206 morte
1014 2134 1213 2206 finffij⁴1¹

60 2233 137 2292 Ecce
158 2232 329 2308 exemplum.

402 2422 636 2485 CAPITULUM
657 2421 752 2484 XLV.

59 2545 107 2605 De
128 2544 304 2604 Boldeua'no
325 2545 469 2603 tuonocbo
492 2544 671 2620 quandoque
691 2547 724 2603 in
742 2543 921 2637 Bnunstoiclc
942 2544 1091 2604 advocato.
1103 2578 1132 2594 ο
1156 2546 1190 2573 “
1213 2534 1219 2563 ’

124 2683 159 2741 In
180 2683 306 2743 Saxonis
328 2685 444 2742 civitate
464 2683 633 2741 Brunswich
660 2682 743 2742 miles
765 2682 882 2757 quidam
911 2681 1016 2742 nobilis
1035 2681 1092 2754 ltrit,
1111 2667 1215 2752 ἕξ

59 2771 174 2829 nomine
195 2771 394 2844 Baldewinus,
422 2770 550 2828 eiusdem
572 2772 694 2829 civitatis
715 2769 882 2829 advocatus.
924 2769 986 2829 Ista
1006 2768 1093 2844 inspi-
1116 2753 1216 2847 τ’

59 2862 140 2915 rante
153 2857 218 2915 Deo
241 2858 388 2915 saeculum
410 2857 551 2932 descrens,
572 2859 602 2915 in
625 2857 710 2917 domo
734 2856 859 2932 quadam
880 2855 988 2916 ordinis
1001 2854 1093 2930 nostrl,
1122 2883 1157 2916 e

60 2960 135 3017 quae
155 2943 339 3002 Relaxhusen
349 2939 368 3021 ⁵)
392 2943 507 3018 dicitur,
530 2944 660 3002 habitum
682 2946 815 3019 suscepit.
860 2943 917 3019 Qui
937 2948 1000 3002 toto
1021 2958 1092 3002 armo
1216 2930 1219 2959 ¹

59 3030 235 3105 probationis
270 3032 310 3088 ita
342 3031 396 3088 sibi
434 3031 540 3107 rigidus
581 3033 717 3106 exstitit,
743 3037 776 3090 ut
809 3037 870 3089 tam
908 3031 946 3090 ab
980 3029 1093 3089 Abbate
1166 3026 1187 3039 ⁶
1215 3031 1219 3045 '

61 3133 147 3191 qnam
169 3135 187 3176 a
208 3119 343 3192 magistro
366 3134 419 3176 suo
442 3135 528 3192 saepe
550 3124 725 3194 argueretur.
767 3117 874 3176 Faetus
895 3134 966 3176 vero
994 3132 1094 3176 mona·

60 3203 144 3278 chus,
166 3207 238 3261 tanti
258 3204 310 3262 suit
330 3204 462 3279 feruoris,
485 3212 516 3263 ut
537 3223 594 3263 non
616 3205 779 3264 sufficerent
800 3207 826 3262 ei
847 3205 1019 3278 communia,
1038 3204 1094 3261 imo

60 3292 145 3348 etiam
181 3292 379 3350 communibus
410 3292 614 3366 superadderet
641 3291 732 3349 multa
765 3290 918 3366 specialia,
954 3297 984 3350 et
1011 3305 1094 3366 prae-
1191 3362 1205 3377 .

58 3384 177 3451 poneret
218 3379 338 3451 privata.
411 3377 517 3437 Ceteris
562 3379 789 3454 quiescentibus,
839 3378 900 3453 ipse
938 3377 1093 3451 laboravit3
1196 3388 1203 3403 ·

78 3547 109 3616 1)
127 3563 205 3600 suae
223 3562 263 3597 om
282 3544 331 3597 Bo.
350 3576 381 3585 -
401 3547 432 3613 2)
451 3547 470 3597 B
488 3547 549 3598 vel.
567 3577 600 3585 —
619 3547 651 3614 3)
670 3545 689 3598 Ρ
707 3545 819 3597 fuerit.
839 3575 870 3585 -
889 3544 922 3613 4)
939 3543 960 3598 G
977 3544 1094 3597 habue-

128 3620 199 3669 rint.
218 3646 251 3653 -
276 3616 307 3681 5)
331 3615 446 3683 iutelligit
464 3616 685 3685 Riddagshauscn,
708 3615 898 3667 Rittershausen
921 3615 991 3666 iuxta
1007 3613 1092 3666 urbem

127 3686 334 3754 Brannschweig.
352 3685 470 3738 Eiusdem
488 3687 602 3739 abbatiae
620 3688 774 3739 mentionem
791 3685 851 3738 lacit
867 3684 932 3738 infra
948 3683 992 3750 XI,
1009 3684 1052 3738 36.
