2438 4170
380 252 435 313 nu
464 249 727 315 rememora.
1014 254 1074 315 195
1141 239 1144 243 “

71 354 148 451 asra,
175 373 322 435 haniaria
351 383 392 438 est
408 373 436 455 ).
489 375 555 437 Hoc
582 378 684 438 vitium
712 379 821 452 quanto
849 380 895 437 est
922 374 1076 452 occultius,

71 466 126 524 nto
146 462 343 541 periculosius.
422 491 425 495 r

357 650 590 713 cacumen
609 647 767 733 xxrva)
787 705 790 709 ,

94 792 138 853 Dc
156 793 315 865 monacha,
338 795 390 867 quc·
411 790 449 850 ab
472 791 566 850 altera
589 790 625 850 ob
646 791 790 850 incidians
812 794 985 852 criminatus
1007 801 1035 853 et

253 882 454 938 incarceratus
475 884 525 951 est,
548 885 576 937 et
596 879 721 954 plorasse
742 878 871 937 eductae.
1013 881 1017 893 '

114 1016 175 1077 Non
203 1021 247 1077 est
275 1015 338 1092 din,
368 1014 446 1092 qnod
474 1015 632 1075 monachus
662 1015 779 1092 qnidam
807 1015 927 1076 stimulis
954 1018 1078 1079 invidiae

71 1103 171 1181 salutm
192 1109 221 1164 et
241 1109 408 1179 superatus,
441 1102 585 1179 quendam
608 1119 643 1162 ex
667 1103 801 1162 fratribus
824 1105 888 1161 'suis
909 1105 1078 1165 adolescen-

71 1192 113 1249 lcn
129 1182 272 1251 accusavit
294 1189 372 1266 apud
393 1187 555 1264 Abbatem,
583 1192 731 1265 imponens
761 1191 786 1248 ei
808 1191 926 1250 crimina
946 1195 1079 1266 pessima.

71 1274 112 1335 dui
127 1295 188 1337 com
208 1280 302 1336 mirrus
323 1276 425 1336 Abbas
448 1276 589 1350 erederet,
620 1276 667 1336 illc
697 1275 735 1334 ad
767 1279 903 1335 maiorem
923 1278 1079 1339 vindictam

71 1378 141 1441 usqne
159 1364 197 1424 ad
216 1364 379 1424 visitatoris
400 1365 590 1438 praesentiam
611 1381 694 1421 suam
715 1366 926 1422 accusationem
946 1383 1079 1426 reserva·

71 1450 109 1529 vlt
143 1449 214 1526 Quid
242 1449 346 1526 plura?
390 1446 547 1528 Tantum²)
577 1449 654 1525 apud
688 1448 769 1508 illum
796 1449 884 1508 invidi
904 1453 1078 1514 machinatio

71 1534 181 1613 prdecit,
209 1543 241 1596 ut
262 1534 323 1613 ipse
344 1537 482 1596 Visitator
503 1538 598 1595 inveni
619 1539 689 1595 vitia
710 1536 800 1595 relata
820 1539 851 1594 in
873 1536 1003 1614 Capitulo
1027 1557 1078 1600 co·

72 1636 119 1683 ran
142 1624 269 1684 omnibus
296 1625 444 1699 obiiceret,
475 1625 592 1700 neganti
622 1629 650 1682 et
677 1622 774 1698 Deum
802 1625 980 1685 innocentiae
1008 1645 1079 1688 suae

73 1710 152 1771 taen
169 1713 313 1772 invocanti
343 1727 401 1769 non
433 1709 574 1785 crederet,
604 1709 656 1769 sed
683 1708 784 1768 habitu
812 1715 943 1771 truncato
973 1717 1079 1773 carceri

74 1799 229 1874 rmuparet.
270 1797 342 1857 Post
364 1798 443 1856 cuins
465 1797 636 1871 discessum,
666 1795 749 1880 Deus
777 1796 863 1856 iudex
889 1799 981 1859 iustus
1001 1802 1078 1859 invi-

77 1876 127 1942 dum
147 1885 306 1944 infirmitate
334 1880 503 1959 peremtoria
530 1883 694 1960 flagellavit.
747 1883 863 1943 'limans
894 1902 963 1944 vero
991 1890 1078 1963 mori,

78 1960 196 2031 messus
218 1976 262 2031 e'st
281 1974 415 2030 invenem
429 1988 464 2030 cx
484 1970 591 2030 invidia
611 1988 643 2030 sc
655 1967 675 2050 3)
704 1987 864 2030 accusasse.
907 1971 992 2048 Quod
1013 1992 1078 2034 curn

76 2052 222 2127 luconsilio
246 2059 413 2118 confessoris
434 2058 592 2118 senioribus
612 2057 797 2133 propalasset,
817 2060 914 2117 statim
935 2062 1079 2135 proVisi·

76 2142 148 2205 latore
162 2148 279 2205 missum
300 2150 352 2204 est.
395 2143 451 2220 Qui
472 2146 585 2204 territus
607 2144 645 2204 ad
663 2147 866 2204 monasterium
887 2147 967 2206 ocius
988 2148 1079 2225 rediit,

76 2240 114 2298 per
129 2248 156 2293 se
174 2234 268 2308 ipsum
289 2247 432 2291 carcerem
452 2233 576 2306 intravit,
598 2231 635 2290 ad
651 2231 740 2307 pedes
751 2232 884 2291 monachi
905 2251 936 2292 se
949 2242 1078 2310 prostra-

76 2313 115 2389 vit,
130 2324 154 2377 et
172 2326 205 2378 ut
225 2320 280 2378 sibi
299 2321 466 2395 ignosceret,
489 2317 566 2394 quod
586 2321 748 2396 ignoranter
767 2321 797 2376 in
819 2336 885 2378 enm
906 2320 1078 2399 deliquerat,

75 2403 227 2480 ilpplicans,
248 2407 334 2465 etiam
355 2405 541 2464 reluctantem
563 2423 628 2464 cum
648 2405 739 2482 gloria
760 2404 865 2465 eduxit.
907 2407 989 2470 Haec
1010 2412 1079 2470 mihi

76 2484 144 2550 relata
162 2499 227 2551 sunt
247 2509 266 2551 a
288 2491 413 2568 quodam
432 2491 564 2567 Abbate,
587 2493 636 2568 qui
656 2494 810 2551 visitationi
832 2493 924 2553 eidem
944 2498 1078 2557 interfuit.

74 2564 251 2639 Novimus:
279 2578 355 2637 Puto
382 2579 556 2637 monachum
582 2581 669 2638 istum
695 2579 817 2638 multum
842 2583 872 2638 in
898 2588 958 2640 tam
978 2584 1079 2661 grandi

73 2658 205 2726 cranone
226 2667 371 2725 meruisse.
413 2663 645 2725 MONACHUS:
669 2665 753 2740 Quod
773 2666 873 2725 fornax
893 2685 978 2744 auro,
1001 2670 1079 2746 quod

73 2736 126 2808 'lma
142 2751 220 2827 ferro,
253 2751 331 2827 quod
344 2746 489 2828 flagellum
510 2770 608 2828 grano,
629 2752 707 2828 quod
728 2770 803 2811 uvae
823 2755 955 2830 torcular,
975 2757 1030 2818 hoc
1053 2761 1079 2818 ei

73 2831 154 2897 adm
183 2839 237 2898 fuit
264 2841 391 2898 tentatio.
439 2838 570 2898 Servavit
598 2841 673 2898 enim
700 2841 730 2895 in
757 2840 938 2902 tribulatione
965 2847 1079 2919 patien-

72 2914 135 2982 ΕΜ
181 2925 284 2986 Invido
323 2933 421 2985 antem
457 2943 510 2984 sua
543 2922 634 3006 erat⁴)
666 2925 788 3000 invidia,
827 2928 905 3002 quod
936 2948 1080 2991 venenum

71 3006 217 3088 mnata,
261 3011 340 3088 qnod
378 3015 454 3071 tinea
483 3014 672 3086 vestimento,
711 3012 790 3088 quod
825 3032 930 3093 aerugo
966 3019 1028 3078 flori
1043 3016 1080 3098 ⁵),

71 3097 134 3165 mol
151 3101 232 3160 tabes
256 3101 375 3175 corpori.
416 3098 618 3159 NOVICIUS:
649 3098 680 3158 Si
706 3103 782 3158 nosti
809 3101 903 3162 adhue
925 3104 1021 3181 aliqua
1044 3106 1094 3165 de'

71 3176 254 3247 mostubus
281 3185 405 3245 invidiae
434 3186 579 3262 exempla,
613 3203 714 3262 precor
740 3193 773 3245 ut
800 3189 870 3247 mihi
894 3194 995 3252 recites
1023 3192 1080 3253 illa.

71 3256 287 3334 MONACHUS:
322 3272 396 3349 Quia
424 3272 516 3332 latens
545 3274 662 3332 morbus
690 3278 733 3332 est
758 3274 877 3351 invidia,
906 3279 1016 3338 nullum
1043 3280 1081 3340 ad

71 3364 185 3426 lncsens
207 3361 329 3420 occurrit
350 3359 527 3436 exemplum,
556 3360 634 3435 qnod
661 3359 709 3419 vel
734 3365 871 3421 memoria
892 3367 929 3423 sit
950 3365 1082 3443 dignum,

71 3442 118 3504 sivo
136 3442 324 3508 aedificationi
344 3450 544 3506 necessarium.
587 3447 720 3506 Referam
748 3449 800 3507 tibi
820 3456 916 3510 tamen
938 3453 1082 3529 quandam

71 3539 182 3593 amcam
201 3533 347 3609 invidiam,
369 3551 456 3616 quam
476 3540 505 3594 tc
527 3533 625 3593 audire
644 3534 774 3594 delectet.

81 3682 108 3753 1)
119 3651 210 3737 ‘roua
228 3684 249 3748 1,
267 3685 293 3748 s,
311 3685 352 3739 15.
370 3714 403 3724 --
427 3686 459 3754 a)
477 3685 566 3736 nomn.
590 3684 620 3737 n.
638 3701 663 3752 p.
681 3685 723 3738 22.
744 3716 774 3726 -
797 3688 830 3755 2)
848 3688 911 3741 une
933 3698 1032 3744 tanta.
1050 3722 1082 3731 -

124 3753 431 3823 emensurarent
458 3771 495 3806 cx
517 3753 646 3806 invidia
664 3755 699 3824 [B
720 3772 776 3824 pcr
798 3758 982 3830 invidiam).
1002 3791 1032 3801 -
1052 3762 1084 3829 4)

124 3823 166 3878 BD
184 3832 338 3877 crassus.
358 3854 388 3866 -·
408 3825 440 3894 5]
457 3823 521 3878 Psal.
541 3826 584 3891 77,
601 3826 643 3880 46.
