2438 4170
329 242 332 247 '
375 224 442 292 ‘DE
462 230 725 294 ΤΕΝΤΑΤῙΟΝΕ.
1002 234 1061 295 191

71 354 113 415 tin
131 355 248 415 nuntio
277 354 338 414 eius
358 362 549 431 processerat,
577 362 611 414 ut
630 355 727 416 locum
747 360 872 430 mutare,
900 355 925 413 si
952 362 1064 432 posset,

71 443 150 502 rninr
167 444 367 518 proposuisset
409 442 540 518 Vincula,
561 443 660 518 inquit,
680 460 817 501 manuum
838 445 898 501 eius
912 444 1065 518 insinuant,

71 520 156 589 sibi
180 528 258 589 eliud
279 529 384 589 debere
404 529 512 604 iacere,
536 531 591 588 nisi
612 528 689 604 quod
709 531 771 605 ipse
791 531 937 605 praecipit.
980 529 1066 606 Quod

71 618 133 675 utem
144 617 229 692 spinis
243 616 364 692 pedibus
379 633 410 677 se
428 614 466 675 ad
478 633 592 676 crucem
604 616 721 699 ligatum
741 617 872 691 ostendit,
885 615 1026 693 significat
1038 613 1065 696 ¹),

71 701 118 776 prod
154 703 204 762 tibi
231 719 289 761 non
320 702 404 762 liceat
430 705 492 762 sine
521 705 581 762 eius
617 720 757 762 consensu
765 699 786 782 ²)
816 703 911 762 locum
939 709 1065 779 mutare,

71 786 268 849 &secundum
296 788 370 848 illius
400 791 546 865 arbitrium
574 796 650 849 stare
676 789 725 850 vel
752 790 909 849 ambulare.
950 788 1066 848 Ex'his

71 870 149 935 ntus
167 877 323 936 visionibus
344 879 457 936 territus
479 873 614 936 simulet
635 877 761 952 edoctus,
784 876 819 936 de
842 883 936 937 cetero
958 876 1066 936 studuit

71 962 131 1023 roba
155 963 215 1022 sive
234 963 310 1023 iacta
332 965 376 1022 sui
395 962 519 1023 Abbatis
548 956 640 1039 aequo
669 966 764 1023 animo
784 971 902 1040 propter
923 962 1066 1024 Christum

71 1050 183 1109 nume.
224 1048 427 1111 NOVICIUS:
448 1049 490 1110 Ut
509 1051 610 1127 video,
636 1068 696 1111 non
717 1057 761 1111 est
774 1053 856 1111 nobis
876 1057 979 1127 tutum,
1000 1068 1065 1112 cum

71 1134 171 1208 tradatis
190 1139 294 1196 nostris
315 1137 494 1197 contendere.

377 1344 609 1406 CAPITULUM
636 1345 725 1406 XIX.

92 1464 131 1525 Do
149 1467 306 1540 calamo,
328 1486 415 1543 quom
436 1469 592 1544 adefisus
611 1487 665 1544 per
685 1471 783 1528 onum
805 1487 825 1528 α
846 1487 877 1528 se
897 1471 1028 1542 remouit,

242 1557 315 1630 quio
336 1555 441 1614 dorios
461 1555 653 1631 responderat
674 1556 778 1614 Potoni
797 1572 861 1615 soc.

109 1704 334 1770 MONAGHUS:
355 1708 441 1771 Anno
463 1714 615 1787 praeterito
649 1712 810 1772 cellerarius
833 1709 949 1787 quidam
977 1712 1069 1771 maior

71 1802 113 1851 nn
128 1793 222 1856 Priore
249 1814 302 1856 suo
332 1797 368 1856 de
396 1799 482 1858 rebus
511 1800 696 1859 exterioribus
728 1799 823 1858 verbis
853 1797 1011 1874 contendit,
1040 1804 1069 1857 ct

71 1876 187 1941 ridebatur
208 1884 249 1958 ei,
277 1886 345 1959 quia
376 1884 460 1944 valde
488 1885 692 1947 rationabiliter
719 1891 889 1945 moveretur.
941 1885 977 1945 In
1004 1887 1067 1961 ipsa

71 1967 274 2029 noosdvator
295 1972 321 2031 ei
341 1973 372 2030 in
393 1989 476 2032 cruce
497 1976 628 2049 apparuit
659 1975 755 2032 iacens
781 1974 919 2048 interra,
948 1978 1066 2048 eratque

71 2048 168 2114 ttltnen
195 2060 281 2116 tenue
309 2075 344 2118 ac
365 2062 546 2136 perspicuum
573 2077 659 2136 super
681 2077 784 2136 corpus
804 2059 879 2119 illius
900 2077 1066 2136 expansum.

71 2132 130 2199 luins
155 2159 219 2202 cum
246 2144 333 2205 vellet
361 2145 480 2205 vulnera
505 2152 628 2206 retracto
649 2165 744 2223 panno
767 2137 938 2224 deosculari,
970 2148 1066 2223 imago

71 2236 130 2285 mu
155 2246 256 2291 aversa
280 2231 495 2309 indignabunde
523 2233 604 2292 illum
632 2237 755 2310 amovit,
787 2240 925 2309 tanquam
946 2233 1066 2293 diceret:

71 2304 113 2371 lon
129 2330 158 2374 es
177 2316 280 2394 dignus
302 2324 409 2378 attactu
432 2323 556 2395 corporis
577 2323 647 2397 mei,
676 2323 725 2397 qui
754 2337 817 2380 sero
846 2338 893 2380 me
919 2322 948 2379 in
969 2321 1067 2379 Priore

71 2407 278 2489 boprorocasti.
320 2405 372 2464 Ille
394 2423 462 2465 mox
484 2407 636 2484 evigilans,
669 2415 698 2468 et
720 2426 836 2468 causam
856 2408 988 2484 repulsae
1007 2411 1067 2466 'non

71 2494 187 2565 morans,
209 2490 291 2551 dictis
314 2496 471 2569 matutinis,
492 2512 539 2554 me
559 2500 718 2571 praesente,
740 2495 778 2554 ad
798 2495 887 2571 pedes
908 2494 1013 2553 Prioris
1036 2510 1067 2552 se

71 2577 204 2653 meavit,
236 2581 351 2638 veniam
377 2597 428 2656 pro
451 2597 570 2640 excessu
592 2598 644 2641 suo
665 2582 821 2658 postulans.
863 2579 1067 2640 NOVICIUS:

71 2646 193 2738 3¹(lignus
215 2671 260 2724 est
279 2666 392 2742 iudicio,
414 2670 462 2743 qui
482 2671 611 2728 irascitur
630 2669 709 2728 fratri
729 2685 782 2728 suo
794 2664 825 2748 ³),
845 2670 903 2726 iam
923 2684 981 2726 non
1002 2684 1067 2724 am·

71 2738 127 2836 2¹80,
151 2753 217 2825 quin
245 2754 359 2812 maioris
387 2771 499 2830 poenae
527 2758 684 2814 sententiae
710 2756 873 2829 subiaceat,
903 2756 952 2829 qui
979 2755 1068 2812 iratus

71 2832 128 2891 wit
144 2840 215 2911 patri
235 2855 303 2914 suo,
324 2839 433 2916 idest,
454 2843 591 2918 praelato.
634 2840 867 2901 MONACHUS:
889 2841 935 2900 Ita
956 2847 1014 2915 est,
1036 2845 1069 2898 ut

71 2905 124 2994 Mt,
142 2926 205 2999 quta
225 2929 362 2986 maiorem
383 2932 571 2988 reverentiam
585 2929 722 2988 debemus
743 2929 879 3006 patribus,
902 2945 988 3003 quam
1009 2926 1068 2986 fra-

71 2998 140 3084 rlbos,
158 3012 218 3071 sire
240 3013 367 3073 cameles
389 3017 454 3091 sint,
474 3018 535 3075 sive
557 3016 724 3092 spirituales.
767 3014 969 3076 NOVIOIUS:
993 3013 1069 3090 Quid

71 3082 127 3152 lex
145 3102 332 3160 commotione
353 3103 440 3161 animi
460 3104 580 3162 verbum
608 3098 699 3182 irae⁴)
721 3103 860 3162 iaculetur
887 3104 917 3160 in
938 3109 1068 3175 sanctos,

71 3170 97 3231 'il
113 3184 184 3256 quod
204 3189 297 3246 maius
310 3184 330 3268 ⁵)
353 3195 405 3263 est,
425 3191 455 3247 in
482 3191 576 3265 ipsum
601 3188 719 3249 Deum?
741 3188 976 3250 MONACHUS:
998 3188 1068 3247 Tale

71 3261 158 3329 &bum
185 3273 287 3333 dicitur
313 3274 506 3350 blasphemia,
539 3293 613 3352 quae
636 3293 671 3336 ex
692 3279 734 3337 ira
755 3279 893 3351 nascitur,
925 3281 953 3338 et
982 3292 1068 3351 saepe

71 3347 160 3417 tolum
186 3362 288 3422 acriter
314 3362 417 3423 aDeo
439 3362 607 3423 vindicatur.

71 3719 97 3793 1)
110 3730 146 3787 BP
160 3738 326 3809 signat-
344 3741 375 3808 2)
392 3741 414 3793 B
432 3743 690 3811 concessa-3)
707 3744 794 3796 liattb.
812 3746 838 3809 5,
855 3743 938 3796 22.-
951 3742 982 3811 4)
1000 3742 1069 3792 irae
1178 3786 1181 3791 .

111 3816 148 3857 om
164 3807 192 3862 G.
212 3839 242 3850 -
262 3808 295 3878 5)
311 3809 333 3863 ll
349 3814 461 3882 magia
478 3813 554 3881 paulo
571 3822 630 3883 post
647 3814 689 3867 ΑΡ
707 3814 881 3867 Dominum.
