2438 4170
101 243 140 302 38
424 241 650 305 DISTINCTIO
669 240 798 304 PRIMA

100 363 225 440 Audite,
245 366 382 441 praecipit
402 368 485 425 vobis
506 364 669 425 Altissimus
685 362 711 449 ¹),
731 372 765 424 ut
785 338 910 424 animam
931 382 950 424 a
971 364 1051 425 vobis
1072 357 1143 433 ἅθ’

101 449 213 526 ceptam
242 451 394 512 dimittatis.
437 453 507 511 Mox
536 471 634 512 omnes
662 452 746 511 simul
772 452 940 511 inclinantes
955 449 976 532 ²)
1005 455 1131 514 animam

21 556 25 563 ·
100 536 273 612 dimiserunt,
294 557 347 598 nee
371 557 434 598 eam
455 540 575 615 amplius
587 537 609 619 8)
630 546 745 616 tangere
766 545 1005 614 praesumsenmt
1046 540 1123 617 Quat

1 671 3 675 .
101 640 215 685 reversa
236 625 274 685 ad
295 644 409 702 eorpus,
441 629 569 686 membra
598 631 758 686 exanimata
785 626 955 701 vivificavit,
984 626 1117 686 vivificata

101 715 208 789 erexit,
240 713 382 772 scholares
405 715 639 774 circumsedentes
661 716 690 772 in
710 713 807 789 sugam
836 716 976 773 convertit
991 706 1021 792 ⁶).
1063 714 1117 773 De-

98 801 294 878 scendensque
316 801 352 860 de
372 802 488 876 feretro,
521 801 634 862 dicebat
654 818 685 860 se
706 803 817 875 vivere,
851 807 879 860 et
913 800 981 876 quid
1010 800 1119 876 viderit,

99 887 203 962 quidve
225 888 352 962 audierit,
373 889 464 965 magis
486 905 571 963 opere
584 906 670 963 quam
684 905 813 946 sermone
825 880 1024 949 manifestavit.
1053 889 1121 949 Nam

99 976 193 1034 statim
216 992 369 1034 conversus
390 978 419 1032 in
442 975 538 1034 ordine
562 975 757 1050 cisterciensi,
778 981 838 1033 tarn
859 974 967 1051 rigidus
986 976 1039 1035 fuit
1059 976 1124 1052 sibi,

98 1069 157 1120 tarn
181 1061 267 1121 durus
291 1064 443 1138 castigator
465 1065 588 1138 corporis
610 1065 661 1136 sui,
683 1068 715 1120 ut
736 1062 867 1120 omnibus
889 1065 939 1137 qui
957 1081 1022 1124 enm
1030 1063 1126 1124 videre

97 1155 229 1224 poterant
241 1147 270 1229 ⁶),
292 1156 421 1225 patenter
443 1149 557 1207 daretur
576 1149 701 1225 intelligi,
724 1152 790 1224 quia
810 1165 920 1223 poenas
930 1153 1050 1211 senserit
1058 1170 1127 1228 pur-

96 1239 205 1311 guterii,
227 1236 273 1295 vel
288 1240 382 1312 potius
394 1237 500 1296 inferni.
532 1234 733 1296 NOVICIUS:
754 1235 1010 1314 Erpedirivellem,
1031 1245 1129 1298 utrum

96 1323 176 1382 locus
198 1322 244 1382 ille
258 1318 288 1402 ⁶),
309 1325 337 1381 in
360 1341 416 1398 quo
438 1324 676 1410 tormentabatur,
704 1323 776 1381 infra
796 1329 889 1382 metas
909 1323 993 1384 luerit
1011 1326 1130 1401 inferni,

95 1411 156 1469 sive
185 1412 347 1486 purgatorii.
389 1408 621 1470 MONACHUS:
655 1410 686 1469 Si
711 1409 794 1468 vallis
820 1410 870 1469 illa
902 1413 1067 1486 pertinebat
1091 1413 1130 1473 ad

95 1497 269 1573 gehennam,
302 1502 413 1556 constat
441 1500 501 1556 eius
534 1498 738 1556 consessionem
758 1497 844 1556 luisse
867 1499 928 1556 sine
950 1502 1130 1560 contritione.

96 1583 180 1659 Quod
202 1586 269 1643 satis
292 1602 327 1644 ex
348 1584 403 1643 hoo
424 1585 575 1659 probatur,
604 1584 681 1659 quod
694 1581 713 1663 τ)
736 1587 858 1643 maxime
880 1602 1004 1660 poenam
1031 1586 1129 1663 illam,

94 1676 167 1730 teste
189 1670 304 1730 coelesti
317 1667 338 1750 ο)
360 1674 474 1745 nuncio,
494 1674 656 1730 sustinuerit
677 1678 792 1746 propter
807 1670 1130 1755 eonsensumretenti’)

93 1756 203 1834 lapidis.
235 1756 436 1818 NOVICIUS:
458 1758 604 1833 Numquid
625 1758 761 1835 dicendus
783 1765 826 1818 est
848 1758 981 1818 daemoni
1002 1777 1130 1821 censen·

94 1845 184 1904 sisse?
226 1843 460 1904 MONAOHUS:
482 1846 547 1904 Non
568 1851 601 1903 ut
623 1847 649 1904 ei
669 1845 775 1904 faceret
786 1845 952 1921 hominium,
975 1850 1130 1924 consensit,

94 1932 145 1990 sed
166 1935 195 1990 in
216 1939 327 1991 tantum
349 1935 505 2007 consensit,
535 1932 611 2007 quod
638 1949 697 1990 non
718 1935 813 1990 statim
833 1931 959 2008 lapidem
980 1932 1015 1993 de
1037 1953 1129 1996 manu

93 2020 217 2094 iactavit,
239 2019 290 2077 sed
310 2018 348 2078 ad
369 2037 453 2077 usum
472 2022 605 2078 scientiae
620 2019 830 2095 diligentissime
844 2023 1008 2079 reservavit
1043 2022 1129 2082 Circa

94 2123 179 2180 quem
202 2109 286 2164 etiam
308 2111 386 2165 tanto
408 2107 585 2165 afficiebatur
607 2123 712 2179 amore,
731 2113 765 2164 ut
786 2123 839 2165 nec
858 2106 974 2181 quidem
993 2110 1022 2165 in
1044 2109 1129 2169 infir-

93 2194 191 2252 mitate
224 2193 391 2268 deponeret,
421 2193 472 2252 sed
501 2211 566 2252 cnm
599 2192 696 2252 delore
723 2193 761 2252 ad
791 2195 942 2268 imperium
966 2195 1130 2257 sacerdotis
1161 2210 1164 2217 ·

93 2282 251 2354 proliceret.
294 2279 325 2337 Si
347 2297 412 2338 eum
433 2279 528 2339 dixero
550 2280 636 2339 fuisse
657 2283 686 2338 in
707 2283 886 2356 purgatorio,
919 2288 1055 2358 suspecta
1085 2290 1130 2344 est

92 2366 161 2424 mihi
182 2367 314 2426 absentia
336 2372 497 2425 sanctorum
519 2367 692 2444 angelorum,
722 2373 750 2426 et
776 2371 939 2442 praesentia
957 2370 1129 2431 daemonio-

94 2470 183 2527 mm,
202 2454 253 2528 qui
271 2454 394 2512 animam
417 2470 559 2529 egressam
581 2454 785 2530 suscipiebant,
812 2463 976 2532 susceptam
997 2456 1128 2518 deduce·

94 2540 172 2614 bant,
194 2540 346 2600 deductam
366 2546 425 2598 tam
439 2541 587 2600 crudeliter
599 2542 770 2616 torquebant
786 2540 823 2621 10).
855 2543 981 2602 Dicebat
989 2547 1130 2622 magister

1 2699 5 2710 .
92 2626 262 2703 liudolphus
283 2627 476 2687 Scholasticus
498 2628 685 2703 Coloniensis,
717 2633 746 2687 in
774 2632 854 2688 cuius
881 2631 987 2689 scheba
1018 2637 1050 2690 et
1071 2649 1127 2709 ego

91 2714 264 2788 frequentius
287 2732 379 2789 eram,
409 2714 484 2790 qnod
508 2715 660 2774 daemones
692 2719 815 2774 animam
845 2693 967 2777 electam
992 2717 1027 2777 de
1059 2737 1126 2779 cor-

90 2804 166 2876 poris
201 2801 344 2877 ergastulo
374 2802 565 2878 egredientem
600 2820 745 2877 nunquam
773 2809 935 2879 tangerent,
964 2804 1015 2864 sed
1045 2806 1127 2866 beati

90 2887 184 2964 angeli
205 2889 243 2946 ad
264 2889 328 2947 loca
349 2892 516 2965 purgatorii,
538 2891 562 2948 si
582 2897 678 2948 tamen
699 2894 861 2966 purgatorio
884 2891 971 2968 digna
992 2900 1070 2952 esset
1087 2891 1127 2975 ¹¹),

92 2974 281 3050 deportarent.
323 2975 387 3034 Tali
409 2979 483 3034 enim
506 2977 636 3052 exemplo
658 2978 805 3036 utebatur:
827 2978 893 3037 Non
915 2972 1006 3054 decet,
1026 2982 1070 3039 ait
1087 2977 1125 3060 ¹²),

91 3068 123 3119 ut
145 3063 326 3121 carbonarius
348 3070 450 3138 purget
470 3081 579 3137 aumm,
602 3064 653 3122 sed
674 3065 791 3122 aurifex.
833 3065 940 3125 Postea
957 3063 984 3146 13)
1007 3075 1126 3144 propter

89 3151 220 3207 meritum
232 3150 315 3222 vitae,
338 3152 488 3208 suscitatus
506 3145 539 3229 ¹²)
561 3152 652 3209 lactus
668 3151 823 3210 estAbbas
844 3152 1067 3214 inMcrimundo
1086 3152 1124 3235 ¹⁵),

89 3237 117 3293 iu
140 3254 197 3294 una
219 3235 254 3294 de
277 3243 398 3310 quatuor
418 3239 514 3311 primis
536 3237 676 3314 domibus,
697 3241 742 3298 vir
763 3246 878 3298 sanctus
901 3246 930 3298 et
942 3241 1043 3300 iustus.
1076 3241 1124 3302 Dc

108 3405 137 3473 1)
156 3404 346 3541 §jncomiml's
373 3406 567 3528 altissimusi
584 3408 665 3529 -DP2J
684 3407 943 3532 DPtitnelingntgs
967 3410 1069 3531 εέωυΙ.
1090 3441 1121 3451 -

245 3491 288 3525 am
332 3492 380 3526 rus
407 3491 531 3527 eam—
659 3494 823 3530 verr.-
997 3497 1075 3532 uera
1115 3520 1122 3533 .

158 3573 188 3583 -
208 3545 239 3612 6)
257 3492 313 3595 mig
332 3562 372 3596 om
390 3545 416 3597 P.
437 3575 467 3586 —
488 3547 518 3614 7)
536 3478 631 3598 DPJeo
659 3548 749 3615 quod.
769 3579 798 3587 -
819 3549 851 3616 8)
865 3480 1010 3601 {eeffiti
1027 3566 1068 3602 om
1080 3491 1122 3616 11))

156 3614 230 3681 poulo
249 3622 306 3680 pest
323 3614 362 3666 BP
381 3617 549 3679 sustinuit3
577 3618 642 3669 conl.
661 3619 724 3669 infra
747 3618 809 3680 llll,
836 3619 869 3671 23
893 3621 963 3671 iuxta
984 3620 1068 3672 linem.
1088 3650 1119 3660 —

155 3683 187 3750 9)
205 3686 328 3736 retenti
347 3701 387 3737 orn
397 3685 424 3737 B.
437 3714 466 3724 -
479 3687 527 3755 10)
545 3687 586 3738 DP
604 3688 897 3756 extorquebant-
918 3690 966 3758 11)
984 3689 1003 3741 Ρ
1020 3690 1120 3759 digna

155 3761 245 3805 csset
272 3757 470 3824 purgatorie.
491 3787 521 3796 —
551 3758 598 3826 12)
616 3758 767 3826 Cinquit.
788 3789 818 3797 -
839 3758 1119 3827 lamentavere

156 3853 186 3863 -
208 3823 255 3893 14)
272 3829 453 3880 suscitatus
471 3841 511 3880 em
529 3826 578 3882 Bc.
596 3859 629 3868 -
649 3828 697 3897 15)
715 3827 957 3882 Pilorimunde.
