2460 4162
134 112 175 170 50
461 108 689 170 DISTINGTIO
707 109 837 170 PRIMA

133 240 318 307 sustentante,
340 232 377 291 ad
398 239 503 291 terram
525 233 649 291 demissa
664 230 680 313 ¹)
704 236 789 292 stetit.
833 233 898 309 Quo
919 236 983 293 riso
1004 234 1095 293 territi
1115 252 1173 311 pa·

132 328 222 381 stores
242 321 383 396 fugerunt.
426 319 562 395 Dixitque
585 323 610 378 ei
632 320 750 396 angelus
772 321 904 379 Domini:
926 315 1003 380 Eece
1024 320 1117 382 libera
1130 338 1176 393 es,

133 408 208 467 vade
241 407 396 483 quolibet.
439 406 598 482 Respondit
618 407 681 465 illa:
713 407 837 466 Domine
858 404 940 487 mi2),
960 408 1110 467 Veronam
1129 411 1177 468 ire

134 496 278 571 proposui.
321 494 479 568 Statimque
500 496 530 551 in
559 501 703 552 momento
736 494 872 553 translata
900 500 944 553 est
970 496 1052 553 iuxta
1072 496 1181 555 Vero-

134 601 202 641 nam
214 578 244 661 3).
286 581 325 638 Et
346 582 385 639 ait
407 580 537 656 angelus:
559 581 676 640 Verona
696 580 763 640 hinc
786 581 872 640 distat
889 583 980 640 tribus
992 582 1178 641 milliaribus.

133 670 211 729 Inter
232 668 396 743 Augustam
416 685 484 726 vero
496 662 517 746 4)
541 674 569 726 et
589 669 736 726 Veronam
757 675 866 743 septem
888 668 982 727 dietae
1012 686 1183 729 numeran-

134 763 188 814 tur.
231 753 433 814 NOVIOIUS:
455 754 596 814 Videntur
618 755 686 812 mihi
707 757 736 812 in
758 754 812 814 hac
834 754 930 830 puella
944 757 1062 830 antiqua
1075 758 1181 817 iusto-

134 862 196 902 rum
218 841 355 900 miracula
376 848 528 915 renovata,
560 841 693 900 videlicet
714 844 804 900 sancti
825 842 975 900 Benedicti
994 840 1121 903 Abbatis
1141 848 1187 903 et

135 930 255 989 Abacuc
276 929 452 1004 Prophetae:
485 946 520 986 ox
542 930 645 1005 quibus
666 931 742 1004 prior
764 947 829 987 eum
850 930 954 987 absens
977 936 1067 1004 esset,
1098 930 1188 989 vidit:

134 1033 287 1093 germanae
309 1033 378 1074 suae
400 1015 594 1074 scholasticae
616 1018 740 1073 animam
761 1019 790 1073 in
811 1018 906 1091 specie
928 1016 1080 1075 columbae
1098 1016 1184 1077 coeli

134 1110 244 1163 secreta
264 1110 412 1178 penetrare
425 1098 460 1180 ⁵),
484 1103 555 1160 alter
575 1119 658 1176 roro,
679 1103 825 1178 Propheta
846 1103 967 1175 seilicet,
997 1102 1033 1160 de
1054 1101 1187 1163 Judaen

133 1193 163 1248 iu
194 1197 339 1262 momento
371 1192 400 1245 in
422 1189 601 1264 Babylonem
613 1187 633 1267 ⁶)
656 1190 809 1248 translatus
839 1196 890 1248 est.
933 1187 1181 1249 MONAGHUS:

134 1278 244 1336 Verum
266 1276 350 1350 dicis,
379 1293 432 1334 nco
453 1278 548 1334 minus
579 1279 673 1351 miror,
703 1277 780 1352 quod
801 1276 899 1335 audire
920 1279 1023 1335 meruit
1044 1278 1185 1335 arrimant

135 1366 238 1422 sororis
247 1360 266 1442 ⁷)
290 1380 355 1422 cum
377 1368 517 1421 concentu
545 1364 674 1438 angelico
702 1370 782 1422 tauto
809 1364 938 1422 locorum
959 1365 1052 1438 spatio
1080 1365 1187 1423 inter-

134 1453 227 1527 posito
251 1450 350 1508 deferri
371 1452 400 1506 in
422 1449 552 1523 coelum,
576 1468 661 1524 quam
683 1452 761 1524 quod
782 1452 884 1509 beatus
905 1450 1059 1509 Severiana
1081 1450 1185 1511 coio-

134 1540 198 1596 niae
219 1539 339 1612 positure,
360 1539 485 1595 animam
506 1540 596 1595 sancti
616 1536 732 1595 Martini
754 1556 819 1596 cum
841 1524 1007 1616 eon¹sirnili⁸)
1029 1542 1186 1597 concentu

135 1624 288 1684 ascendere
311 1625 446 1699 cognorit
467 1624 504 1681 ad
525 1623 682 1681 Dominum
691 1621 721 1702 ⁹).
763 1624 868 1683 Adhuc
890 1623 947 1683 alia
968 1624 1025 1682 duo
1047 1638 1184 1701 magnae

135 1712 241 1787 gloriae
262 1710 401 1769 beneficia
423 1718 488 1768 suut
510 1712 536 1768 ei
558 1710 691 1783 exhibita,
714 1711 820 1770 scilicet
843 1710 919 1785 quod
940 1710 1182 1787 angelosusten-

135 1806 229 1872 tante,
262 1798 351 1856 eculei
381 1797 492 1855 dolores
514 1815 572 1855 non
593 1800 694 1870 sensit,
726 1804 754 1855 ct
783 1798 861 1872 qnod
888 1797 975 1855 linem
1007 1815 1093 1857 suum
1113 1804 1188 1857 tarn

134 1886 219 1961 longo
238 1882 265 1962 ¹⁰)
282 1890 348 1942 ante
369 1886 530 1958 praescivit.
563 1884 702 1958 Prospero
724 1902 793 1943 roro
815 1884 893 1960 apud
912 1884 1061 1943 Veronam
1079 1900 1188 1961 nego‘

135 1975 174 2030 tio
193 1969 221 2050 ¹¹)
243 1978 368 2046 peracto,
392 1988 457 2028 cum
479 1971 589 2028 rediens
600 1971 763 2028 Diooeesim
784 1974 916 2030 intrasset
932 1966 960 2049 ¹²)
972 1970 1187 2031 Wormaoien-

136 2076 205 2132 rom,
227 2074 284 2115 non
305 2059 416 2131 ingrata
438 2056 549 2114 divinae
571 2057 788 2133 misericordiae,
809 2075 893 2133 prece
915 2064 944 2116 et
958 2058 1190 2132 opecuiusdau

137 2145 306 2203 venerabilis
328 2142 454 2200 inclusae
477 2145 615 2217 obtinuit,
637 2152 669 2201 ut
691 2162 709 2202 a
731 2145 845 2203 domino
866 2144 1035 2204 Theobaldo
1055 2146 1186 2205 Abbaie

135 2233 295 2292 Scorraviae
327 2232 354 2286 in
389 2232 534 2288 novicium
569 2233 767 2306 susciperetur.
814 2232 868 2290 Est
900 2237 998 2290 autem
1029 2230 1189 2291 Scomvia

137 2318 217 2377 locus
240 2319 475 2390 amoenissimus,
497 2334 601 2376 nomen
623 2318 737 2377 trahens
759 2337 777 2376 a
798 2336 836 2377 rc.
879 2318 989 2377 Putans
1012 2336 1077 2377 eam
1096 2318 1183 2379 idem

137 2406 238 2464 Abbas
255 2402 284 2484 ¹³)
307 2421 369 2462 esse
392 2403 649 2477 adolescentulum,
677 2412 743 2479 post
771 2411 882 2481 tergum
911 2422 994 2464 suum
1020 2408 1051 2465 in
1072 2406 1181 2466 eodem

136 2510 211 2568 equo
239 2491 338 2551 sedere
366 2493 455 2549 iussit.
511 2490 591 2565 Quae
622 2509 687 2549 cum
716 2492 879 2566 loqueretur
906 2508 978 2551 voce
1000 2492 1124 2553 feminea
1143 2498 1180 2551 el:

135 2579 242 2655 gracili,
265 2580 335 2637 dixit
357 2581 383 2637 ei
404 2577 520 2637 Abbas:
542 2578 643 2636 Frater
664 2578 785 2654 Joseph,
806 2578 933 2637 nondum
942 2582 1061 2638 mutasti
1070 2595 1174 2640 vocem

136 2665 236 2725 tuam?
258 2666 417 2741 Respondit
427 2665 489 2723 illa:
511 2665 802 2745 Donrine,rmnquanr
815 2664 894 2723 illam
904 2662 1067 2745 mutabo¹⁴).
1087 2666 1171 2727 Ado·

136 2753 290 2813 loscentem
312 2770 342 2811 se
364 2752 516 2826 simulans,
543 2770 648 2810 nomen
670 2755 760 2810 sancti
782 2751 894 2827 Joseplr
916 2753 969 2811 sibi
990 2756 1172 2829 imposuerat,

136 2846 167 2897 ut
189 2857 254 2898 eum
277 2857 362 2914 quem
384 2838 493 2897 validas
515 2842 685 2897 tentationes
708 2840 809 2897 uicisse
830 2845 965 2905 noverat,
995 2846 1096 2899 contra
1117 2840 1173 2899 du·

134 2926 238 3001 plioem
260 2926 372 2984 hostem
394 2933 569 3001 pugnatura,
600 2943 715 2984 carnem
737 2926 844 2985 seilicet
866 2932 894 2984 et
916 2925 1077 3001 diabolum,
1109 2944 1174 2987 me-

135 3015 242 3073 moriae
265 3030 334 3071 suae
357 3015 462 3073 arctius
485 3015 672 3087 imprimeret,
695 3020 723 3073 ot
743 3030 794 3087 per
816 3013 951 3071 auxilium
971 3012 1174 3088 plenius-sen·

154 3130 185 3195 1)
203 3128 244 3181 cii
268 3128 410 3193 dimissa.
430 3157 461 3166 -
480 3129 512 3197 2)
529 3128 662 3179 Domine
688 3128 727 3178 mi
752 3142 792 3179 orn
811 3127 838 3180 C.
859 3158 889 3167 -
918 3127 987 3197 3)i²
1010 3128 1175 3181 translata

130 3206 138 3223 ¹
205 3208 255 3249 est
279 3200 310 3248 in
333 3197 502 3261 Veronam,
525 3199 545 3248 D
570 3197 729 3249 translata
754 3206 803 3248 est
826 3198 998 3262 Veronam,
1019 3196 1040 3250 G
1063 3200 1175 3267 posita

205 3278 255 3319 est
281 3269 371 3318 iuxta
389 3268 551 3318 Veronam.
586 3267 700 3318 Forsitan
719 3270 818 3334 scripsit
840 3276 941 3319 auctor:
965 3272 1177 3336 transposita

205 3348 269 3399 est,
286 3345 314 3387 ut
331 3338 396 3387 inira
413 3338 454 3401 Vl,
474 3338 520 3387 10:
539 3340 763 3402 transpositus
788 3346 838 3387 est
861 3339 952 3388 iuxta
973 3345 1123 3390 castrum.
1143 3368 1175 3379 ·-

204 3409 236 3475 t)
254 3421 330 3457 uero
349 3423 389 3457 orn
407 3407 434 3458 C.
455 3437 485 3444 -
505 3407 536 3472 5)
555 3407 657 3474 Gregor.
681 3406 778 3474 Dialog.
796 3407 830 3469 ll,
849 3408 891 3459 34.
910 3438 941 3447 —
962 3407 992 3474 6)
1011 3406 1054 3458 Bi)
1072 3407 1138 3460 Bab
1155 3426 1178 3449 '-

205 3478 332 3527 loniam.
368 3475 431 3526 Dan.
451 3475 492 3538 lt,
510 3478 552 3527 35.
573 3506 603 3514 -
623 3478 655 3542 7)
673 3476 693 3527 C
710 3476 759 3526 add
778 3492 862 3527 suae.
882 3507 912 3515 -
932 3476 964 3539 8)
982 3476 1044 3528 t'lil’
1061 3426 1177 3531 simili.

206 3576 236 3585 -
256 3546 287 3613 9)
305 3546 391 3597 Seuer.
409 3546 488 3611 Epist.
507 3545 540 3595 ad
563 3545 690 3596 Bassulam
714 3545 745 3596 de
768 3548 874 3597 transitu
897 3546 922 3599 S.
940 3547 1048 3597 llartlni.
1068 3576 1100 3587 -
1128 3548 1178 3617 10)

205 3615 307 3677 Gdiu,
326 3616 418 3665 omisso
436 3623 518 3665 autc.
539 3645 569 3653 —
592 3616 638 3682 ll)
657 3614 698 3666 BC
715 3614 764 3665 add
782 3630 889 3667 sno.—
910 3616 959 3683 12)
976 3615 995 3667 Ρ
1012 3617 1178 3669 intranei

205 3685 499 3752 llioeceslm.—l3)
517 3683 536 3736 C
554 3685 661 3736 libitas
679 3684 813 3735 idem-
832 3684 1058 3752 repercussio
1077 3686 1178 3739 illam.
