2460 4162
152 234 214 293 let
463 227 691 293 DISTINOTIO
712 228 861 292 duum

447 430 451 438 .
489 366 722 449 corrumpor
742 387 845 448 xxv.

253 510 302 568 Dc
321 511 454 584 novato,
477 513 529 586 qui
549 509 659 569 Abbati
679 509 828 587 confessus
850 515 891 568 eet
911 512 944 568 ic
962 511 1087 571 somnb.

213 644 449 708 MONACHUS:
462 647 584 707 Juvenis
596 647 712 724 quidam
722 649 751 706 in
762 647 888 724 quadam
899 646 983 707 domo
1002 646 1116 709 ordinis
1135 662 1190 707 no·

150 734 201 793 stri
210 741 360 811 susceptus
372 737 454 794 estin
464 737 616 794 novicium.
630 733 745 794 Modico
759 735 856 809 elapso
868 741 1003 810 tempore,
1017 733 1098 794 idem
1103 734 1189 795 novi·

151 822 212 880 cius
223 823 347 897 graviter
355 821 521 896 infirmatus,
534 821 571 880 ad
585 829 712 881 extrema
721 824 858 898 pervenit.
869 820 1004 880 Nondum
1017 822 1097 880 enlm
1109 816 1127 903 ¹)
1140 836 1189 881 ee·

151 907 276 967 cundum
297 908 531 967 consuetudinem
550 908 655 967 ordinis
669 908 876 967 confessionem
896 906 1059 984 generalem
1080 907 1189 968 iecerat

150 992 261 1052 Abbati
273 990 303 1074 ²),
326 996 393 1070 quia
406 996 511 1054 absens
534 1001 601 1053 erat.
645 995 738 1070 Quem
760 1013 825 1055 eum
844 1000 1023 1069 exspectaret
1043 1011 1115 1053 cum
1135 992 1188 1055 de·

150 1079 254 1140 siderio
276 1099 389 1158 magno,
412 1088 440 1140 et
460 1081 507 1140 ille
528 1100 586 1140 non
607 1085 724 1157 veniret,
747 1082 893 1140 consessus
915 1086 958 1140 est
978 1080 1072 1140 Priori
1095 1096 1188 1157 quse·

151 1184 264 1241 cunque
293 1171 480 1227 commiserat.
530 1168 635 1243 Sieque
668 1174 734 1227 ante
755 1169 880 1227 Abbatis
909 1167 1083 1242 adventum,
1113 1166 1189 1229 diam

151 1252 253 1312 clausit
274 1261 439 1314 extremum.
482 1253 592 1313 Eadem
613 1262 698 1314 nocte
720 1273 785 1314 cum
806 1252 908 1314 Abbas
932 1256 962 1312 in
984 1252 1114 1330 quadam
1134 1270 1189 1316 eut

149 1342 269 1416 grangia
290 1340 431 1416 dormiret,
452 1340 528 1400 etde
551 1343 631 1400 obitu
651 1343 755 1402 novicii
776 1340 845 1400 nibil
864 1356 981 1416 prorsus
1002 1342 1099 1417 sciret,
1120 1346 1188 1401 aute

150 1425 257 1487 lectum
277 1424 402 1487 Abbatis
430 1426 554 1487 defuncti
581 1431 694 1505 spiritus
716 1426 781 1509 σε’)
803 1427 962 1502 iuclinavit,
991 1432 1021 1485 et
1047 1432 1084 1486 ut
1104 1444 1189 1487 sumn

150 1513 250 1573 audire
272 1513 437 1590 dignaretur
458 1512 673 1590 conlcslionem,
694 1514 837 1574 humiliter
858 1514 1038 1590 suppbcavit.
1082 1511 1188 1575 Abbae

149 1601 204 1659 istc
227 1617 290 1660 esse
312 1601 414 1661 dicitur
435 1608 550 1662 sanctus
571 1602 659 1680 Hugo
681 1599 784 1661 Abbas
805 1597 1036 1681 Bonaevallise),
1057 1602 1111 1676 qui
1129 1602 1189 1660 iam

147 1684 249 1763 ¹incipit
270 1687 425 1748 clarescere
447 1688 598 1748 miraculis.
640 1689 843 1764 Respondente
866 1705 899 1747 eo
921 1688 1043 1761 novicio,
1064 1686 1190 1747 libenter

151 1778 182 1833 te
203 1774 332 1852 audiam3
353 1776 410 1834 ille.
422 1779 517 1835 omnia
537 1783 657 1852 peccata
678 1793 732 1834 sua
750 1776 896 1834 consessus
919 1780 962 1832 est
983 1776 1009 1833 ei
1030 1789 1065 1833 co
1089 1772 1189 1835 ordine

152 1857 213 1941 et‘)
234 1861 330 1936 modo,
351 1879 408 1939 quo
431 1863 576 1922 confessus
596 1863 688 1922 fuerat
700 1862 799 1921 Priori.
843 1861 930 1921 Cuius
952 1861 1084 1921 contritio
1106 1866 1189 1921 lauh

151 1946 211 2022 fuit,
232 1955 265 2006 ut
286 1951 373 2008 ctiam
387 1949 521 2008 lacrimae
543 1966 578 2008 cx
600 1949 689 2009 oculis
710 1950 814 2008 novicii
835 1966 867 2008 se
887 1947 1048 2007 inclinantis
1062 1952 1094 2006 ct
1116 1964 1190 2009 eon·

150 2032 258 2093 iitentis
293 2034 395 2094 cadere
422 2035 585 2094 viderentur
615 2030 733 2115 snper⁶)
762 2041 862 2111 peetus
883 2033 1016 2094 Abbatis.
1064 2032 1190 2095 Conice-

152 2122 232 2179 sionc
252 2121 401 2197 completa,
422 2123 495 2181 baec
507 2123 597 2182 verba
609 2122 740 2198 protulit:
762 2121 860 2197 Modo,
881 2123 986 2197 inquit,
1007 2126 1101 2196 pater,
1122 2136 1190 2181 cum

152 2206 350 2266 benedictione
378 2214 429 2268 tua
449 2208 541 2283 vado,
571 2213 638 2284 quia
659 2209 763 2268 salvari
784 2225 841 2266 non
862 2211 958 2285 potui,
979 2209 1033 2266 nisi
1053 2207 1191 2267 iecissem

152 2294 206 2352 tibi
228 2294 433 2353 confessionem
454 2312 557 2364 meam.
599 2294 647 2354 Ad
670 2295 748 2372 quod
768 2297 889 2355 verbum
909 2293 1012 2354 Abbas
1034 2292 1191 2372 evigilans,

154 2383 274 2454 experiri
301 2380 401 2441 volens
423 2389 518 2440 utrum
539 2385 610 2441 visio
634 2389 710 2441 esset
731 2400 814 2458 vera,
836 2381 898 2456 vel,
920 2384 993 2441 sicut
1007 2396 1096 2455 saepe
1117 2396 1191 2441 cve·

153 2468 203 2540 nit,
224 2467 412 2543 phantastica,
435 2460 576 2528 cucullam
598 2466 705 2549 circa¹)
727 2476 827 2545 pectus
841 2487 925 2528 suum
938 2466 1076 2544 palpavit,
1102 2484 1192 2542 quam

155 2559 246 2613 totam
266 2556 375 2614 invenit
392 2555 545 2630 madidam,
567 2556 803 2631 lacrimarumque
822 2555 968 2614 stillicidiis
989 2548 1192 2635 respersam‘).

157 2640 240 2700 Tunc
261 2643 331 2700 satis
346 2641 500 2717 admirans,
521 2660 586 2702 curn
607 2642 723 2702 domum
736 2642 868 2717 redisset,
901 2648 929 2700 et
960 2641 1050 2700 Priori
1079 2642 1194 2700 somni-

155 2723 238 2806 um⁹)
260 2731 420 2803 recitasset,
448 2728 594 2805 respondit
613 2729 674 2788 illc:
703 2730 782 2789 Vera
802 2728 855 2787 suit
875 2731 962 2801 visio,
991 2736 1020 2788 et
1040 2728 1194 2789 verissime

156 2814 304 2875 confessio.
358 2815 561 2876 NOVICIUS:
599 2815 673 2892 Quid
698 2812 746 2875 est
772 2815 848 2890 quod
884 2817 1011 2874 novicius
1040 2811 1127 2889 dixit,
1159 2830 1194 2875 ee

156 2917 214 2959 non
235 2918 320 2977 posse
336 2900 449 2961 liberari
472 2905 531 2961 sine
553 2902 604 2961 tali
617 2904 802 2977 consessione,
824 2919 889 2961 cum
906 2902 1116 2961 consessionem
1136 2898 1195 2961 de·

156 2987 246 3046 bitem
268 3005 326 3047 non
339 2988 489 3067 excluserit
506 2995 665 3049 contemtus
682 2985 719 3068 ¹⁰),
740 2989 791 3048 scd
807 2987 984 3048 necessitas?
1006 2986 1037 3047 Si
1052 2988 1196 3049 contritus

158 3073 288 3148 decessit,
308 3077 366 3133 iam
388 3074 423 3133 de
438 3075 582 3134 salvandis
605 3084 679 3151 erat3
702 3079 745 3134 sin
759 3083 864 3151 autem,
885 3076 924 3133 nil
946 3077 972 3134 ci
988 3080 1196 3149 postmortem

156 3160 296 3221 confessio
323 3161 441 3236 profuit,
470 3164 537 3237 quia
559 3181 577 3221 a
603 3170 731 3237 mortuo,
760 3165 842 3239 quasi
863 3164 992 3235 nonsit,
1024 3163 1100 3237 perit
1121 3178 1196 3221 con·

156 3247 242 3308 lessio
258 3244 296 3327 ¹¹).
339 3246 573 3308 MONACHUS:
595 3250 669 3308 Puto
690 3249 767 3324 quod
790 3250 871 3307 Deus
893 3254 1005 3307 tantum
1026 3247 1125 3307 verbis
1146 3246 1218 3343 vel.

176 3379 208 3449 1)
226 3378 246 3430 li
265 3388 376 3432 sutem.
391 3409 421 3420 -—
441 3381 472 3449 2)
491 3380 511 3435 G
528 3382 796 3434 consuetudinem
814 3381 942 3433 fecerat
959 3378 1078 3431 Abbati
1097 3394 1198 3448 gorre-

228 3449 323 3501 relem
342 3451 642 3504 confessionem—
662 3452 694 3519 3)
712 3451 730 3503 Ρ
749 3467 782 3503 ee
808 3452 956 3517 spiritus.
981 3449 1198 3516 4)Bonnevaux,

228 3517 329 3569 abbatia
347 3518 441 3571 Galliae
467 3523 491 3571 in
510 3521 625 3572 Dioecesi
643 3521 763 3573 Viennae.
799 3521 871 3573 Coei.
894 3535 969 3587 snpra
988 3519 1014 3579 l,
1038 3518 1081 3570 38.
1101 3549 1135 3557 -
1165 3519 1199 3588 5)

228 3587 380 3640 liceteo.
401 3590 784 3658 -6)A01)Psuprn.-7)
804 3587 1064 3660 Psupra.,-8)P
1083 3588 1200 3654 perlu-

231 3673 295 3709 sem
312 3665 344 3708 et
375 3674 566 3725 respersam.
585 3690 616 3699 -
634 3662 667 3727 9)
685 3660 726 3712 ΒΙ)
745 3675 893 3712 somnum.
915 3689 943 3699 -
966 3660 1014 3727 10)
1033 3657 1051 3708 P
1069 3660 1102 3709 ei
1121 3666 1200 3711 tem·

229 3742 297 3794 pus.
332 3727 358 3779 S.
376 3727 495 3780 bernard.
513 3729 577 3796 Opp.
596 3729 625 3780 V.
644 3746 669 3797 p.
681 3731 746 3783 249:
766 3731 965 3796 ,contessionem
983 3745 1033 3781 non
1051 3738 1200 3783 contemtus

230 3796 343 3862 exclusit,
360 3797 403 3848 eed
422 3798 552 3866 impedivit
569 3801 731 3853 necessitas¹¹
752 3830 783 3840 -
804 3800 852 3867 11)
870 3799 946 3853 Eccli.
966 3801 1007 3865 17,
1024 3800 1067 3853 26.
