2438 4170
92 174 189 277 aer'
404 212 632 277 omnmomo
655 211 821 292 Qunam
861 283 865 292 ,
897 180 911 260 ’.

90 336 162 397 Loci
173 341 291 397 eunome
303 335 423 413 Mariae,
444 339 502 397 iam
519 337 611 397 dietus
627 337 785 397 monachus
806 340 893 395 nocte
914 331 1030 411 quadem
1044 336 1090 392 ton·
1129 342 1131 415 j

90 425 207 484 tabatur
227 425 401 501 gravissima,
424 431 453 483 et
472 425 526 483 fuit
547 424 648 484 eadem
668 426 787 484 tentatio
808 439 868 482 non
888 427 998 481 tantum
1015 416 1090 493 valide,

90 509 144 571 sed
158 519 186 570 et
198 510 366 587 periculosa,
388 517 417 569 et
434 513 508 571 sicut
530 528 565 570 ex
586 513 648 570 eius
670 512 846 570 confessione
869 503 1029 587 cognorim),
1044 502 1091 565 un
1128 494 1131 567 f

91 605 153 658 erat
173 604 265 658 suuis
287 596 414 657 eiusdem
434 599 606 674 tentationis,
627 600 709 656 utin
730 604 790 657 tam
811 596 893 656 brevi
913 594 1024 668 momla,
1039 593 1090 652 nort

91 687 156 761 quis
176 702 294 743 manum
310 691 409 761 posset
424 691 544 760 venere,
563 686 590 745 ei
610 685 802 758 satisfecisset,
823 684 848 742 si
861 681 993 743 voluntas
1009 677 1090 756 pecati

90 772 227 831 affuisset.
268 771 343 830 Puto
372 777 470 830 tamen
494 770 571 846 quod
592 772 676 830 luerit
697 771 732 830 de
753 773 898 830 incentivo
921 769 1015 828 caruis
1046 764 1088 823 In·

89 859 273 935 pugnabatur
292 859 414 934 fortiter,
435 860 538 917 restitit
558 858 689 933 viriliter,
711 860 780 917 vicit
799 857 926 917 feliciter.
966 854 1000 913 In
1017 851 1088 913 aiu

89 944 274 1005 hebdomada
305 947 384 1004 venit
419 944 457 1004 ad
489 962 555 1004 eum
563 942 583 1025 ²)
606 962 760 1004 conversus
795 944 914 1020 quidam
941 934 1088 1017 simplexba
1128 956 1131 1023 j

89 1034 224 1109 grangia,
247 1031 344 1090 dicens
369 1048 400 1091 sc
421 1031 496 1090 velle
518 1034 544 1091 ei
565 1028 671 1112 loqui³)
693 1033 837 1109 secretius,
881 1030 920 1088 Et
941 1047 1003 1088 cnm
1020 1023 1088 1085 irin

89 1124 135 1179 set
156 1122 182 1177 ei
197 1120 319 1194 copiam,
340 1121 393 1176 ait:
415 1118 548 1193 Domine,
569 1121 598 1177 in
617 1119 673 1177 bac
695 1122 854 1194 septimana
874 1119 970 1176 visum
989 1120 1025 1175 est
1040 1108 1088 1170 mibi

88 1207 119 1264 in
140 1207 254 1278 somnis,
276 1205 419 1280 quomodo
434 1223 530 1265 coram
542 1224 588 1264 me
604 1212 693 1264 staret
710 1205 843 1265 columna
859 1204 949 1280 sortis,
970 1208 997 1262 et
1013 1201 1087 1259 fanan
1128 1224 1131 1235 ·

88 1291 207 1352 infixum
221 1298 282 1350 erat
299 1292 391 1351 eidem
410 1292 566 1367 columnae,
588 1292 788 1368 pendebatque
809 1294 840 1349 in
861 1291 944 1350 clavo
958 1289 1009 1348 'illo
1023 1286 1087 1345 lene
1129 1302 1131 1353 ;

90 1395 196 1439 corona
209 1378 406 1455 pulcherrima,
421 1382 503 1454 quasi
515 1396 620 1439 corona
633 1379 825 1454 Imperatoris.
853 1377 892 1435 Et
906 1378 985 1437 alluit
1003 1370 1087 1449 quidm
1127 1368 1131 1443 ’;

88 1464 294 1542 pulcherrimus
315 1465 453 1541 dominus,
476 1469 524 1541 qui
544 1467 685 1526 ambabus
706 1465 838 1524 manibus
858 1464 962 1524 tollens
982 1462 1013 1521 de
1029 1458 1087 1519 coro
1129 1468 1131 1495 ²

90 1569 233 1627 coronam,
254 1569 419 1628 ponensque
439 1552 517 1611 illam
535 1556 566 1611 in
593 1554 726 1611 manibus
744 1554 825 1626 meis,
846 1555 887 1611 sic
910 1551 991 1609 dixit:
1008 1546 1087 1617 norm
1129 1610 1131 1617 ,

89 1656 224 1700 coronam
245 1641 338 1714 istam,
360 1647 389 1698 et
411 1639 488 1698 defer
509 1657 574 1698 eam
594 1639 634 1696 illi
655 1639 804 1713 monacho,
827 1637 979 1714 designans
998 1651 1049 1695 enm
1063 1642 1086 1686 e¹

88 1729 211 1800 nomine,
225 1728 292 1800 quia
305 1725 361 1785 hac
373 1733 457 1801 nocte
471 1729 573 1785 meruit
591 1743 663 1786 eam.
690 1726 762 1786 Mox
774 1726 864 1800 Prior,
879 1727 928 1800 qui
934 1723 1086 1809 tentationem
1129 1776 1131 1781 .

89 1813 222 1872 monachi
232 1819 360 1887 noverat,
381 1810 474 1872 visum
488 1813 632 1887 intellexit,
653 1819 682 1872 et
691 1815 892 1888 interpretatus
907 1817 950 1872 est
962 1810 1086 1871 columen

88 1900 204 1976 fortem,
242 1899 415 1958 monachum
442 1900 527 1959 luisse
552 1902 582 1959 in
608 1902 764 1960 tentatione
796 1917 849 1959 sua
888 1893 1085 1974 insuperabilem?
1129 1930 1131 1939 ·

91 1986 220 2061 clavum,
249 1988 297 2060 qui
326 1989 412 2046 etiam
434 1987 469 2046 de
494 1986 585 2046 calibe
606 1987 692 2045 luisse
713 1985 879 2070 videbatur,
908 1985 1003 2045 duram
1026 1991 1085 2057 quen

90 2072 252 2150 patiebatur
275 2077 475 2148 tentationem3
506 2091 639 2133 coronam
669 2073 704 2132 de
730 2073 829 2133 labore
851 2072 1014 2132 mercedem.
1047 2062 1086 2142 Qb'

91 2163 206 2232 vicerit,
229 2162 320 2235 inquit
340 2160 496 2235 Dominus,
522 2161 635 2236 focium
666 2163 750 2219 Mum
773 2162 943 2219 columnam
963 2164 993 2218 in
1011 2148 1085 2227 tarpb

91 2244 196 2321 mooe).
239 2246 323 2321 Quod
352 2265 457 2306 corona
485 2265 612 2323 appensa
641 2249 676 2305 sit
698 2247 862 2321 columnae,
883 2247 913 2305 id
935 2252 991 2321 est,
1009 2230 1085 2319 qnod')

91 2349 200 2392 merces
233 2333 370 2392 debeatur
401 2337 552 2409 victoriae,
585 2337 663 2393 testis
695 2341 738 2393 est
764 2333 935 2409 Apostolus,
964 2334 1008 2408 qni
1030 2325 1085 2387 dicit:

91 2420 213 2478 Bonum
227 2427 374 2478 certamen
388 2425 505 2494 cantoni,
522 2440 641 2479 caesum
663 2426 872 2494 consummo-oi,
892 2422 978 2498 (idon
989 2412 1086 2483 servom
1125 2410 1128 2415 ’

93 2507 128 2565 de
148 2507 262 2582 reliquo
276 2511 404 2582 reposita
427 2515 468 2566 cst
485 2509 556 2566 mibi
578 2525 689 2566 corono
709 2503 878 2584 iustitioe⁶).
921 2496 1086 2566 nouenos:

91 2594 139 2654 De
173 2610 229 2668 qno
263 2597 413 2653 certamine
445 2595 569 2670 loquitur
600 2595 648 2653 hic
673 2594 853 2670 Apostolus?
890 2582 1085 2653 montonis:

91 2680 138 2740 Do
166 2697 201 2739 eo
236 2681 314 2756 quod
351 2681 384 2738 fit
412 2688 509 2740 contra
536 2681 648 2740 hostem
680 2682 833 2756 triplicem,
862 2698 975 2740 carnem
998 2675 1086 2741 senet,

92 2767 230 2826 mundum
253 2773 281 2825 et
303 2768 455 2826 diabolum.
499 2768 624 2827 Tantum
645 2769 709 2827 Deo
731 2768 840 2843 placet,
861 2768 985 2842 fidelem,
1003 2764 1087 2840 propter

94 2857 338 2914 conservationem
369 2857 554 2930 innocentiae,
586 2857 666 2930 pacis
687 2861 814 2930 tompore
846 2872 958 2930 semper
987 2850 1087 2910 (limare

94 2958 159 3000 cum
180 2943 255 2999 vitiis
277 2948 306 3000 et
327 2944 574 3017 concupiscentiis,
602 2949 739 3018 quantum
760 2942 799 2999 illi
820 2942 928 3017 placet,
951 2943 972 3000 si
992 2944 1087 3010 tonsore

93 3030 299 3101 persecutionis
327 3028 415 3087 semol
444 3046 545 3105 corpus
574 3036 698 3105 exponat
724 3028 828 3105 gladiis
856 3036 942 3105 atque
966 3018 1087 3086 lomentis

93 3112 177 3172 Unde
198 3114 328 3173 Ecclesia
344 3115 453 3190 psallit:

351 3204 426 3260 Plus
448 3206 542 3261 currit
563 3206 595 3261 io
616 3206 774 3262 certamine

353 3289 509 3364 Confessoc
529 3293 582 3348 iste
602 3294 754 3363 sustineres,
937 3365 941 3369 ⁵

353 3377 452 3452 Quom
472 3384 589 3453 martyr
609 3381 699 3436 totum
718 3377 868 3453 sufferens,

351 3463 495 3521 Macrone
513 3463 643 3539 fundens
664 3469 846 3540 sanquinem.

114 3579 144 3648 1)
162 3579 198 3630 sic
215 3594 246 3628 ex
264 3577 368 3630 Homilia
386 3579 518 3630 emendavi
535 3580 653 3631 librorum
671 3590 813 3631 nostrorum
830 3579 973 3643 leetIonem,
994 3591 1026 3628 er
1043 3571 1092 3622 nii·

163 3647 328 3700 relatione
355 3650 502 3714 cognovi.
529 3680 561 3688 —-
589 3650 658 3716 2)c
684 3650 722 3701 ad
755 3650 903 3702 Priorem.
931 3679 959 3689 -
986 3647 1014 3713 3)
1037 3636 1092 3695 Bel

164 3717 251 3771 velle
279 3719 381 3786 loqui,
413 3718 433 3770 C
464 3718 548 3771 velle
577 3718 667 3786 loqui
684 3723 721 3770 ei.
749 3750 781 3758 —
809 3721 840 3790 4)
867 3721 943 3787 Αροο.
968 3718 998 3781 3,
1019 3713 1052 3766 12.
1070 3733 1092 3748 ··

165 3789 196 3858 5)
214 3787 297 3869 quod
315 3805 357 3840 om
381 3787 515 3865 BQmox
533 3788 553 3842 G
570 3788 776 3843 adhibeatur.
796 3821 827 3830 -
847 3791 879 3860 6)
896 3789 954 3842 lim.
970 3787 1004 3852 ll,
1018 3776 1092 3849 bb&
