2438 4170
141 231 204 294 350
461 229 688 292 DISTINCTIO
716 229 851 324 SEXTA

140 369 259 431 pascere
281 352 399 413 curavit
440 351 524 412 Unde
546 358 575 412 et
594 353 788 413 venerabilem
807 353 888 413 illam
907 348 1046 414 inclusam
1066 352 1176 434 ordit,

140 443 238 515 nostri,
259 438 404 499 dominam
422 439 592 533 Heylelpam,
610 440 770 499 seeundum
791 457 897 501 nomen
912 452 996 500 suum
1016 459 1083 501 vere
1101 460 1176 521 sug]

141 533 231 602 ctam,
260 529 340 586 euius
363 525 435 586 cella
455 528 626 585 monasterio
648 529 739 586 sancti
760 526 894 587 Andreae
916 527 1101 603 adhaerebat,
1155 550 1176 608 t'

140 632 195 675 sua
232 613 410 689 praebenda,
450 612 545 689 quoad
577 615 662 688 vixit,
701 616 879 673 sustentavit
931 613 1061 673 Aborum
1095 631 1176 692 cuj,

85 742 98 763 .
142 701 337 778 eleemosynas
369 700 456 759 beata
485 700 535 758 illa
565 702 691 775 recipere
721 703 873 760 recusavit.
926 700 1043 761 Solebat
1073 712 1176 776 aute„

140 790 246 864 inopes.
262 785 406 863 appellare
427 786 578 845 thesauros
600 787 736 846 coelestes
749 785 775 866 ¹),
797 787 960 863 quos'tinea
980 805 1037 847 nou
1050 786 1176 857 demoli-

140 881 188 939 tur
209 882 238 934 et
258 891 330 949 quos
352 874 427 932 sures
448 890 504 932 non
519 873 664 948 effodiunt,
684 891 777 949 neque
791 871 958 954 iurantur²).
990 874 1076 950 Unde,
1094 882 1174 942 sicut

142 961 357 1043 supradictum
378 966 436 1036 est,
467 960 557 1019 multo
579 961 618 1018 illi
639 959 790 1041 amphor³)
820 978 889 1020 eura
909 961 963 1020 t'uit
984 961 1020 1021 de
1039 965 1162 1025 consola-

121 1050 219 1115 ,tioue
239 1065 412 1123 pauperum,
446 1064 533 1122 quam
555 1047 590 1107 de
611 1044 762 1122 aedificiis,
793 1049 840 1107 vel
869 1046 1009 1108 thesauris
1037 1054 1064 1108 et
1080 1065 1157 1109 orna

140 1137 243 1194 mentis
263 1136 393 1210 perituris
416 1134 607 1193 ecelesiarum.
638 1135 747 1193 Pueros
768 1152 918 1211 pauperes,
938 1153 1038 1195 manus
1057 1134 1150 1195 deero·

141 1240 189 1282 sas
211 1230 240 1282 et
259 1221 344 1281 valde
365 1220 509 1296 neglectas
531 1221 677 1295 habentes,
699 1221 814 1296 quando
840 1224 976 1281 secretius
998 1222 1145 1298 epulabatur,

141 1308 180 1369 ad
200 1326 328 1371 mensam
349 1325 432 1367 suam
451 1310 561 1383 posuit,
594 1315 623 1367 et
644 1308 680 1367 de
701 1308 821 1367 scutella
843 1326 896 1387 sua
917 1309 1060 1368 comedere
1077 1323 1140 1383 pree·

142 1398 225 1471 cepit.
277 1393 478 1455 NOVICIUS:
510 1394 586 1454 Satis
615 1395 737 1454 admiror
765 1396 877 1454 Decaui
907 1395 992 1455 huius
1021 1398 1137 1471 pietaten,

140 1482 343 1556 humilitatem,
372 1481 589 1556 simplicitatem.
631 1481 865 1544 MONAOHUS:
896 1481 976 1540 Audi
999 1481 1071 1545 ,unde
1091 1495 1136 1538 au·

140 1569 216 1646 plius
237 1571 354 1627 mireris.
398 1567 475 1626 Civis
496 1568 612 1643 quidam
633 1568 823 1644 Coloniensis,
850 1572 966 1628 nomine
986 1569 1134 1637 humberht,

141 1656 284 1715 familiaris
305 1655 345 1712 illi
367 1661 442 1729 erat,
471 1661 499 1714 et
520 1658 549 1713 iu
571 1656 663 1714 vicino
686 1657 828 1715 manebat.
861 1656 922 1715 Iste
944 1674 1008 1716 cum
1028 1655 1068 1714 die
1084 1667 1134 1727 qua·

141 1743 209 1803 dam
231 1760 296 1802 cum
316 1742 478 1817 supradicto
502 1741 655 1801 Godefrido
676 1745 787 1801 notario
809 1751 957 1818 coenaret,
983 1750 1011 1803 et
1030 1739 1133 1802 eoulabu-

140 1830 266 1890 latentur
279 1829 315 1887 de
328 1828 513 1904 eleemosynis
528 1829 632 1888 domini
642 1829 773 1904 Eustridi,
785 1831 825 1888 ait
839 1846 885 1888 me
900 1830 1043 1889 audiente:
1061 1828 1134 1886 uun

141 1917 224 1976 vobis
253 1915 373 1991 qualiter
404 1933 451 1974 me
479 1919 650 1975 tractaverit
693 1916 834 1992 Tempore
857 1916 983 1991 quodam
1001 1914 1135 1975 multarent

141 2021 188 2062 me
210 2010 239 2062 et
259 2020 376 2062 uxorem
398 2020 492 2061 meam
513 2003 551 2062 ad
573 2020 692 2062 coenam
713 2021 802 2061 suam.
845 2002 1016 2063 Sedentibus
1035 1997 1134 2060 nobisiu

116 2102 241 2149 'mensa
269 2107 334 2149 eum
360 2089 422 2163 illo,
454 2090 503 2148 diu
526 2107 637 2148 eramus
663 2089 800 2148 ferculum
822 2090 938 2165 abquod
960 2091 1135 2166 exspectatio,

141 2176 209 2234 nibil
231 2183 297 2235 anto
319 2194 371 2235 nos
393 2184 505 2251 practer
527 2176 619 2235 solum
640 2194 744 2252 panem
761 2177 908 2236 habentes.
951 2176 989 2234 Et
1009 2179 1069 2251 quia
1084 2173 1135 2230 bene

141 2280 278 2322 noveram
301 2264 519 2322 consuetudines
542 2267 616 2337 eius,
643 2259 746 2322 vocavi
767 2262 804 2321 ad
826 2281 872 2322 me
894 2282 984 2322 unum
1005 2265 1038 2322 de
1054 2258 1136 2338 puerit,

140 2352 170 2407 in
191 2346 293 2428 aurel)
314 2349 354 2407 illi
375 2350 447 2409 haec
470 2351 579 2409 diceus:
614 2351 684 2424 Dic,
705 2351 796 2425 bone,
828 2350 941 2409 dabitur
963 2351 1041 2408 nobis
1060 2347 1102 2417 aliq
1117 2338 1137 2396 'd

142 2437 180 2496 ad
209 2436 435 2495 comedendum?
484 2438 685 2512 Respondente
713 2437 776 2495 illo:
803 2437 880 2495 Nihil
908 2438 1057 2509 hebemus,
1079 2425 1137 2490 suffi-

142 2526 247 2583 cienter
276 2526 350 2582 enim
378 2526 460 2583 vobis
488 2525 580 2583 fuerat
607 2530 821 2604 praeparatum,
853 2524 906 2582 sed
934 2525 1059 2582 dominus
1080 2528 1138 2576 meus

144 2618 210 2670 ante
231 2611 331 2668 horam
349 2612 508 2669 relectionis
530 2614 680 2686 coquinam
702 2613 825 2685 intravit,
847 2617 875 2669 et
888 2616 1060 2686 praeparata,
1077 2605 1138 2664 eim

143 2700 224 2757 nobis
245 2698 473 2771 reclamantibus
497 2699 669 2773 pauperibus
692 2697 793 2755 divisit.
837 2697 918 2756 Tune
941 2715 994 2773 ego
1015 2691 1139 2757 subridens,

144 2785 265 2844 eundem
292 2802 413 2859 puerum
442 2786 479 2843 ad
509 2785 624 2843 domum
646 2801 740 2842 meam
762 2785 838 2858 misi,
871 2791 900 2843 et
928 2791 1036 2844 tautum
1061 2784 1094 2840 est
1114 2772 1139 2830 dt

143 2873 254 2930 cibariis
276 2872 410 2945 allatum,
439 2878 471 2930 ut
500 2873 630 2930 omuibus
653 2873 779 2929 convivis
801 2874 904 2929 nostris
926 2872 1068 2929 sufficeret.
1100 2861 1139 2920 Die

141 2958 265 3033 quadam
288 2975 353 3016 cum
374 2961 527 3034 coquinam
549 2960 608 3017 eius
630 2960 787 3031 intrassem,
809 2964 837 3016 et
859 2975 974 3016 anseres
985 2958 1073 3015 nescio
1091 2951 1141 3025 quot

141 3051 322 3103 versarentur
351 3045 389 3103 ad
416 3048 525 3122 iguem,
559 3045 615 3102 dixi
647 3047 676 3102 iu
698 3045 782 3103 corde
803 3062 883 3102 meo:
907 3045 989 3103 Certe
1010 3045 1076 3102 bene
1091 3050 1141 3112 prt-

142 3137 221 3190 curat
233 3128 253 3209 ⁵)
275 3131 409 3189 familiam
430 3151 512 3191 suam
533 3132 668 3190 Decauus
689 3134 751 3190 iste.
783 3129 925 3210 Assatis⁵)
944 3148 1011 3190 vero
1025 3124 1142 3188 anseribus

141 3220 202 3292 ipse
223 3220 346 3292 intravit,
368 3222 464 3294 eisque
484 3221 583 3278 excisis
596 3215 624 3297 ⁷),
647 3225 676 3277 et
696 3236 747 3293 per
767 3217 900 3276 scutellas
915 3219 1056 3289 ordinatis,
1073 3209 1131 3271 vid'

142 3311 227 3379 atque
258 3306 405 3380 egentibus
434 3306 557 3365 totaliter
585 3308 662 3362 misit
672 3302 702 3384 ⁸).
746 3304 838 3379 Saepe
869 3307 894 3362 ei
915 3305 1089 3363 mittebantur
1105 3313 1144 3355 au·

83 3422 88 3439 =
143 3409 220 3450 seres
243 3399 271 3450 et
291 3392 373 3466 pulli,
401 3398 461 3449 tum
484 3410 519 3451 ex
548 3392 640 3451 officio
662 3391 824 3465 Decaniac,
846 3398 907 3448 tum
930 3409 965 3450 ex
987 3391 1072 3461 douo,
1096 3383 1146 3459 quit

142 3480 223 3537 multi
246 3496 311 3537 eum
329 3481 546 3553 venerabantur,
569 3485 771 3555 cognoscentes
791 3480 851 3536 eius
874 3481 1027 3537 caritatem.
1054 3476 1086 3533 Et
1097 3470 1147 3547 quia

161 3667 191 3734 1)
209 3665 250 3719 BC
276 3665 444 3717 coelestes
472 3666 652 3717 thesauros.
672 3695 702 3704 -
730 3665 762 3732 2)
784 3664 871 3716 Matth.
899 3666 931 3728 6,
959 3665 998 3716 19.
1018 3693 1047 3702 -
1073 3661 1100 3726 3)
1119 3651 1149 3708 bt

211 3736 349 3803 amplior
367 3736 425 3787 illi.
439 3765 469 3774 -
489 3736 593 3803 moui>
611 3752 770 3787 aurem-
785 3733 890 3802 mdo?
908 3740 1061 3801 procurat
1077 3731 1150 3780 bene.

210 3838 242 3847 —
262 3807 294 3879 6)
312 3806 396 3864 ABcl‘
414 3807 512 3861 assis.
531 3836 562 3844 —
580 3807 615 3874 'lp
630 3806 655 3857 h
670 3805 821 3857 concisis.
840 3834 871 3844 -
890 3806 922 3872 8)
940 3803 959 3857 G
976 3803 1097 3856 divisit.
