2460 4162
404 234 460 296 DE
483 233 761 297 CONTRI'I'IONE.
1062 237 1102 298 69
1136 279 1138 283 ψ

10 384 16 411 r
82 371 140 417 cum
157 355 245 418 adbuc
265 359 402 416 miserum
413 358 536 434 amplius
549 361 724 436 interrogare
739 357 834 433 vellet,
855 358 1016 435 respondit:
1037 358 1104 419 Non

10 440 13 447 '
76 442 138 504 licet
155 445 220 503 mibi
239 445 287 504 hic
309 445 413 504 diutius
434 447 551 520 morari,
579 448 647 520 quia
668 446 750 504 multi
772 446 925 505 daemones
946 446 1014 505 loris
1036 452 1102 506 ante

74 533 171 591 mflum
191 531 400 608 praestolantur
419 532 543 591 reditum
563 549 669 591 meum.
712 532 789 592 Hoc.
807 531 900 607 dicto,
929 534 1026 592 statim
1046 535 1104 591 lm·

69 618 165 696 pmsus
187 625 215 678 et
236 618 372 694 expulsus
394 636 461 678 cum
482 618 602 678 stridore
625 625 653 678 et
674 617 786 678 ululatu
802 616 819 699 ¹)
841 621 985 694 maximo,
1007 620 1045 679 ab
1068 635 1103 679 eo

68 704 208 780 dboossit,
235 707 432 780 transiensque
454 723 538 766 secus
559 706 718 781 stabulum,
747 705 896 780 animalia,
918 708 991 765 sicut
1011 708 1103 781 prius,

63 794 94 853 in
115 798 262 868 stuporem
284 798 314 852 et
327 794 547 852 commotionem
560 795 706 852 convertit.
738 792 910 868 Bartolphus
922 809 989 852 vero
1003 795 1104 853 timore

61 886 125 941 tau
146 878 306 938 horrendae
327 881 444 939 visionis
456 877 603 938 saeculum
618 873 748 955 deseruit,
771 881 850 939 etin
872 879 962 955 domo
978 879 1103 954 quadam

61 966 172 1028 ordinis
192 968 290 1040 nostri,
311 982 386 1041 quae
407 972 528 1025 vocatur
548 965 738 1024 Hersethusin
750 961 788 1045 ²),
808 966 951 1042 religionis
973 966 1104 1025 habitum

59 1055 201 1128 mcepit
242 1051 345 1112 Abbas
370 1052 426 1113 loci
447 1052 538 1127 illius,
559 1069 594 1112 eo
617 1053 695 1127 quod
716 1053 903 1112 intellexisset
925 1070 991 1112 eum
1010 1055 1103 1112 virum

60 1157 129 1202 use
150 1139 297 1198 literatum-
316 1145 344 1197 et
360 1139 549 1215 eloquentem,
571 1146 603 1197 ut
625 1142 651 1198 ei
665 1139 703 1198 ad
714 1138 827 1199 ordines
847 1140 945 1198 liceret
958 1139 1104 1215 accedere,

60 1228 137 1287 urstis
157 1224 236 1302 apud
257 1225 404 1285 dominum
426 1227 539 1301 Papam
559 1225 759 1286 Innocentium
780 1225 929 1300 laboravit,
952 1225 1003 1286 sed
1025 1227 1103 1286 obti-

59 1330 134 1374 nere
155 1329 213 1372 non
232 1315 335 1389 potuit
377 1312 455 1372 Ante
476 1313 533 1372 hoc
554 1313 708 1388 biennium,
729 1316 803 1373 sicut
825 1313 894 1371 mihi
906 1313 1002 1372 retulit
1022 1313 1105 1372 Prior

61 1400 101 1461 de
123 1399 234 1475 Campo
246 1397 278 1479 ³),
297 1401 329 1457 in
349 1417 445 1474 mann,
468 1417 555 1475 quam
570 1400 736 1460 extenderat
749 1406 856 1460 temere
869 1399 907 1459 ad
929 1418 1026 1460 arcam
1039 1399 1104 1476 Dei,

60 1486 176 1560 morbo,
199 1488 247 1561 qui
268 1485 391 1544 anthrax
413 1487 522 1561 dicitur,
543 1489 659 1562 punitus
682 1492 734 1546 cst.
778 1487 859 1562 Quae
877 1504 942 1546 cum
965 1489 999 1562 ci,
1021 1488 1105 1561 quasi

60 1590 117 1651 pro
140 1574 274 1646 remedio,
297 1589 331 1632 eo
354 1573 432 1648 quod
453 1575 570 1633 morbus
592 1591 709 1649 serpens
732 1575 780 1647 sit,
802 1572 1012 1648 abscideretur,
1031 1572 1104 1633 nihil

60 1660 103 1720 illi
123 1659 238 1736 profuit,
258 1661 317 1717 imo
332 1659 423 1718 dolori
437 1660 518 1719 dolor
539 1659 662 1734 additus,
683 1666 805 1719 mortem
827 1662 887 1719 eius
898 1657 920 1739 ⁴)
942 1663 1037 1736 potius
1051 1676 1104 1720 ac·

61 1746 210 1809 celerant
252 1746 352 1806 Voluit
373 1764 440 1806 eum
460 1747 542 1806 Deus
555 1744 584 1826 ⁶),
606 1754 639 1805 ut
660 1763 756 1822 spero,
778 1748 879 1822 punire
899 1747 928 1804 in
948 1748 1104 1822 praesenti,

61 1850 102 1895 ne
123 1835 237 1910 puniret
256 1833 287 1890 in
308 1833 412 1891 futuro.
453 1833 530 1893 Ecce
556 1835 610 1893 iste
632 1833 743 1893 villicus
765 1832 881 1907 cecidit,
910 1840 939 1891 et
958 1850 1017 1892 non
1038 1850 1103 1892 snr-

60 1921 148 1981 rexit
190 1919 300 1979 Sinon
323 1919 484 1994 cecidisset,
504 1937 688 1995 nequaquam
710 1921 861 1979 damnatus
883 1920 990 1979 suisset
1032 1917 1104 1978 NO-

60 2004 214 2067 VIGIUS:
235 2006 282 2064 Ex
302 2006 387 2064 huius
408 2024 502 2082 poena
523 2007 678 2082 perpendo,
700 2025 786 2082 quam
803 2007 995 2081 periculosum
1016 2009 1053 2065 sit
1074 2008 1104 2065 in

60 2092 179 2153 mortali
199 2110 316 2153 manere
336 2100 465 2168 peccato.
507 2092 742 2154 MONACHUS:
764 2093 845 2153 Scias
858 2111 917 2152 non
932 2094 1026 2153 solum
1041 2110 1104 2153 esse

60 2179 274 2256 periculosum,
295 2179 346 2238 sed
368 2186 398 2238 et
419 2179 596 2240 damnosum.
639 2181 835 2240 Periculosum
858 2187 914 2255 est,
942 2184 1010 2256 quia
1031 2182 1105 2240 sicut

61 2266 154 2327 febris
173 2272 260 2325 acuta
288 2283 320 2326 se
349 2265 437 2325 habet
464 2267 503 2326 ad
531 2274 665 2342 mortem,
694 2270 734 2325 ita
755 2266 874 2326 mortale
894 2274 1044 2343 peccatum
1066 2265 1104 2325 ad

61 2351 244 2430 gehennam3
268 2352 436 2412 mmnosum
457 2361 570 2428 autem,
592 2356 660 2430 quia
681 2353 816 2430 quicquid
837 2357 949 2413 interim
970 2360 1105 2430 peccator

63 2441 137 2501 boni
155 2439 231 2517 iacit,
252 2446 345 2498 totum
365 2440 466 2515 perdit.
508 2440 586 2499 Nihil
607 2440 673 2501 inde
684 2448 817 2502 aeternae
839 2442 977 2501 mercedis
1000 2457 1104 2500 conse·

62 2528 170 2603 quibu.
212 2525 415 2586 NOVICIUS:
438 2527 551 2603 Quaero
566 2529 660 2604 etiam,
681 2534 777 2586 utnrm
799 2545 882 2587 casus
903 2530 940 2587 sit
962 2545 997 2586 ex
1019 2527 1104 2603 culpa

61 2612 190 2673 bominis
202 2615 356 2689 peccantis,
378 2613 425 2672 vel
447 2631 483 2672 ex
502 2616 653 2675 occasione
674 2617 783 2691 gratiae
802 2612 983 2674 recedentis?
1025 2612 1103 2673 ΜΟ-

61 2699 241 2760 NACHUS:
269 2700 459 2775 Nequaquam
486 2700 594 2759 homini
622 2701 796 2761 subtrahitur
817 2704 923 2776 gratia,
951 2701 1005 2758 nisi
1026 2702 1104 2775 prius

61 2785 222 2864 praecedat
249 2787 350 2862 culpa,
384 2787 510 2862 udoquin
538 2791 640 2847 merito
669 2787 864 2847 retruderetur
892 2793 1043 2863 peccatum
1074 2788 1104 2845 in

60 2880 213 2935 auctorem
245 2876 353 2949 gratiae
366 2869 370 2879 '
384 2874 490 2932 Deum
543 2873 750 2935 NOVICIUS:
782 2874 882 2934 Placet
915 2873 993 2949 quod
1026 2872 1103 2934 dicis.

61 2958 301 3021 MONACHUS:
322 2960 457 3020 Delectat
477 2967 506 3019 tc
529 2961 627 3022 audire
648 2961 743 3021 adhuc
766 2961 800 3020 de
822 2961 877 3020 alic
900 2960 1026 3036 quodam
1047 2963 1103 3020 mi·

59 3064 141 3121 sero,
160 3050 210 3122 qni
229 3053 346 3123 propter
367 3066 450 3107 suam
472 3048 586 3123 culpam
599 3066 726 3124 poenam
746 3050 801 3107 sibi
822 3050 852 3106 in
864 3048 997 3125 gehenna
1017 3065 1103 3123 prae-

58 3140 197 3212 pnrntem
218 3134 306 3208 vidit,
326 3140 414 3210 atque
436 3136 474 3195 ab
495 3136 592 3195 inferis
612 3135 743 3211 rediens,
764 3138 909 3212 poenitere
931 3133 1103 3196 contemsit?

58 3219 269 3283 nomeriis:
291 3221 396 3280 Etiam.

76 3529 114 3598 1)
133 3527 329 3612 Bcleiulatu.
350 3559 381 3569 -
404 3529 437 3598 2)
467 3529 652 3615 llersethusen,
680 3530 851 3614 llarthnu'seu,
874 3531 1063 3615 monasterium·
1076 3531 1103 3614 in

133 3597 514 3736 lwdnssldfflill
532 3600 1104 3724 titttltlbttt‘tnitl‘tld

133 3738 221 3789 nienai-
251 3753 332 3805 prope
361 3739 552 3808 llbcnobcrgtm
581 3741 664 3794 sitnm.
691 3770 723 3782 -
753 3741 785 3809 d)
816 3740 855 3793 GP
883 3741 921 3793 ei.
945 3770 977 3783 —
1007 3740 1040 3808 5)
1063 3738 1103 3792 ΟΡ

133 3806 296 3860 Dominus.
