2438 4170
90 240 153 301 352
409 238 638 302 Disrmomo
665 239 800 302 SEXTA

90 362 169 438 dant,
190 367 283 440 etogo
293 361 364 421 nihil
376 361 557 439 habeoquod
570 363 728 427 comedam
749 361 949 424 NOVICIUS:
971 362 1096 441 Quomodo

90 450 272 511 excusabitur
278 450 334 509 hoe
344 449 471 509 factum?
481 450 716 511 MONAOHUS:
729 450 824 510 Multa
832 451 1032 526 licentsanctis‚
1041 469 1096 527 quaa

72 537 201 612 ·l1isqui
217 539 308 596 sancti
332 544 489 612 moneant,
508 555 567 597 non
590 538 683 598 licant.
714 537 772 597 Ubi
793 541 909 614 spiritus
929 538 1092 613 Domiui‚ill

88 624 207 684 libertas
222 620 248 704 1).
269 623 353 683 Unde
366 627 535 683 auctoritas:
552 625 638 684 Habe
653 627 808 699 caritatem,
820 632 849 684 et
862 625 907 685 lac
921 625 1045 701 quioquid
1054 628 1093 687 ris.

89 711 246 770 Excusavit
258 728 324 769 curn
341 713 452 785 caritas,
474 715 696 771 excusaviteum
706 714 871 788 necessitas,
892 715 1031 772 excusavit
1044 729 1093 775 eom

3 836 7 847 ·
89 799 258 874 auotoritas,
279 801 427 856 excusavit
443 816 508 857 eum
526 799 694 858 fraternitas.
732 797 851 873 Caritas,
876 801 944 874 quia
964 799 1093 861 consoooo

88 901 248 962 pauperum
268 885 335 944 looit
353 882 462 965 illum²)
485 901 577 961 egere.
619 886 781 945 Necessitas
802 903 881 962 vero,
904 883 1003 965 quaet)
1020 886 1093 962 legam

89 988 147 1031 non
160 970 257 1046 habet,
277 971 312 1031 de
323 990 381 1047 qua
393 972 564 1047 Rudolphus
575 975 689 1032 maioris
705 973 843 1032 ecclesiae
857 975 887 1031 in
899 972 1011 1032 Colonia
1019 972 1093 1032 Solo·

89 1059 205 1118 lastious
226 1061 267 1118 sio
289 1058 432 1134 discipulis
454 1061 512 1118 suis
544 1059 637 1119 dioere
666 1062 828 1119 consuevit:
861 1059 1018 1135 Antequam
1034 1059 1094 1119 uns

88 1162 227 1219 morerer,
259 1145 294 1204 de
322 1142 476 1225 pedibus⁴)
508 1164 638 1222 raperem
666 1146 792 1205 crucifixi
824 1147 902 1221 quod
935 1145 1092 1206 comederem

88 1233 245 1293 Excusavit
272 1250 337 1292 eum
365 1232 576 1307 quodammodo
605 1236 770 1307 auotoritas,
800 1236 868 1308 quia
889 1233 1017 1292 Deeauus
1033 1236 1092 1304 erat,

89 1325 119 1379 et
148 1322 230 1394 quasi
256 1325 338 1394 pater
364 1320 490 1377 fratrum.
540 1320 728 1396 Fraternitas,
758 1323 825 1396 quia
852 1320 994 1380 iudicabat
1017 1318 1091 1378 omnia

90 1407 221 1465 omnibns
244 1423 307 1465 esse
330 1406 434 1466 debere
455 1410 624 1482 eommunia,
647 1410 719 1466 sieut
741 1414 770 1466 et
791 1425 844 1466 sua
862 1409 991 1467 omnibns
1008 1407 1091 1465 deerrat

90 1495 260 1553 eommunia.
304 1493 376 1552 Cum
404 1496 462 1552 iam
490 1511 525 1552 cx
555 1494 665 1553 delectu
688 1496 811 1570 eorporis
840 1497 995 1569 aetatisque
1018 1489 1089 1551 salillo

90 1580 166 1640 diem
183 1581 282 1639 mortis
301 1598 370 1640 suae
387 1582 441 1639 sibi
461 1583 607 1640 imminere
622 1583 744 1655 sentiret,
764 1598 802 1639 ne
815 1598 970 1656 pauperem
989 1581 1088 1656 spiritom

89 1667 185 1742 aliqua
206 1672 317 1726 terrena
345 1670 487 1742 possessio
500 1671 708 1751 repatriantem
729 1674 873 1742 onerarem
903 1667 1012 1727 domum
1027 1680 1086 1724 suam

90 1754 232 1828 vendidit,
263 1757 442 1829 pretiumque
468 1754 557 1829 illins,
589 1772 646 1813 non
675 1757 817 1831 cognatis,
846 1771 904 1814 non
931 1756 1031 1828 amicis,
1049 1746 1085 1808 sod

90 1840 193 1900 Christi
206 1896 208 1902 ,
223 1843 398 1917 pauperibus
429 1843 548 1916 propriis
580 1843 711 1900 manibus
731 1843 834 1900 diuisit„
887 1842 1009 1901 Noverat
1031 1838 1084 1897 onim
1118 1848 1122 1863 ¹

90 1931 296 1986 concanonicos
321 1927 522 2002 manutenes,
553 1935 619 2003 post
645 1934 766 1987 mortem
797 1930 890 1986 minus
922 1945 982 1987 esse
1005 1922 1083 1985 fidelos

91 2013 144 2073 Oui
166 2032 231 2073 cum
253 2015 358 2074 diceret
378 2017 402 2072 is
420 2018 469 2089 qui
483 2015 598 2073 domum
621 2021 735 2090 emerat,
757 2015 872 2090 quidam
890 2015 1017 2075 ecelesiae
1031 2009 1084 2068 illim

90 2102 223 2160 sacerdos
252 2108 338 2176 atque
367 2104 534 2176 canonieus,
562 2104 675 2160 nomine
705 2101 868 2160 Corradus:
897 2104 1025 2172 Domine,
1046 2109 1083 2170 ego

89 2187 156 2246 volo
184 2188 291 2246 habere
314 2188 430 2246 domum
451 2206 558 2263 meam;
587 2188 733 2263 respondit
758 2189 804 2247 illc
832 2190 917 2249 valde
945 2186 1083 2263 simpiciter:

90 2275 170 2332 Bone
183 2275 320 2348 Conrado,
342 2275 428 2334 horno
450 2293 513 2333 sum
525 2275 683 2349 decrepitus
699 2282 727 2333 et
741 2293 835 2349 senex,
858 2280 913 2335 cito
935 2278 1032 2344 moriar,
1047 2285 1083 2326 ex·

91 2369 189 2436 specta
205 2361 360 2436 paululum,
383 2368 411 2420 et
424 2359 444 2441 ⁵)
466 2364 539 2420 bone
557 2362 676 2420 habebis
694 2380 765 2420 eam.
799 2362 856 2438 Ubi
877 2367 920 2422 vis
941 2370 972 2421 ut
984 2370 1083 2418 maneam

89 2447 223 2507 interim?
244 2448 296 2507 Ille
318 2452 361 2506 vir
382 2450 484 2522 bonus,
506 2449 541 2507 de
562 2451 729 2507 necessitate
750 2450 856 2522 saqiens
878 2441 1083 2520 virtutemnon

90 2538 229 2611 patienter
250 2537 360 2594 obitum
382 2539 443 2594 eius
464 2538 649 2610 exspectavit.
691 2536 800 2594 Tantae
828 2539 913 2612 igitur
932 2536 1032 2611 pietatis
1047 2544 1084 2587 cx·

89 2625 159 2681 stitit
180 2624 222 2680 vir
244 2624 361 2696 beatus,
390 2629 422 2681 ut
449 2640 535 2698 saepe
564 2625 592 2679 in
619 2625 729 2696 porticu
751 2622 889 2682 ecclesiae
910 2623 1017 2693 sedens,
1038 2629 1084 2687 com

89 2727 228 2784 pauperes
250 2727 347 2768 musso
359 2706 390 2789 θ),
412 2727 496 2784 quem
512 2710 672 2768 dencmore
687 2709 867 2785 collegerant,
889 2717 1012 2768 oneratos
1023 2716 1084 2780 prot·

89 2799 172 2855 terire
190 2803 325 2870 cerneret,
348 2803 454 2854 emeret
474 2799 544 2870 ipse,
564 2814 621 2854 non
633 2793 738 2875 quod⁷)
762 2813 796 2855 ao
818 2799 846 2853 in
858 2797 950 2872 aliquo
971 2792 1085 2868 indigeret

88 2882 139 2941 sed
167 2892 199 2942 ut
228 2901 368 2958 pauperes
396 2901 414 2941 a
441 2883 539 2942 laboro
568 2884 707 2942 liberaret.
750 2883 796 2941 De
826 2901 883 2958 quo
913 2886 994 2945 etiam
1017 2871 1087 2936 raudo

88 2969 157 3027 mihi
178 2970 307 3028 Renerus
329 2969 486 3028 monachus
508 2977 619 3044 noster,
641 2970 811 3044 quandoque
833 2971 958 3029 eiusdem
980 2963 1086 3027 ecclesiae

88 3055 295 3130 Scholastious‚
329 3057 405 3130 quod
434 3057 479 3115 die
500 3057 625 3130 quadam
647 3074 711 3115 cum
733 3074 842 3132 pauper
863 3058 976 3132 quidam
995 3051 1088 3130 pluma

87 3142 201 3201 flabella
233 3150 360 3218 portaret
387 3141 531 3222 venalia⁸)
553 3146 581 3200 in
602 3146 659 3201 iarn
682 3145 756 3202 dicta
777 3147 906 3218 portiou‚·
921 3162 973 3202 neo
993 3135 1088 3200 vendero

87 3235 199 3304 posset,
232 3231 285 3287 sibi
314 3229 393 3287 illum
415 3232 534 3288 dixisse:
562 3230 690 3304 Rapere,
726 3248 787 3289 eme
817 3231 931 3290 flabella
959 3234 1016 3287 ista.
1050 3217 1088 3279 0¹15

89 3334 154 3375 eum
166 3316 285 3375 diceret:
307 3316 440 3391 Domine,
461 3334 519 3375 non
532 3320 571 3376 cis
582 3317 710 3393 indige0;
731 3317 947 3392 respondit-ille:
962 3317 1026 3374 Eme
1035 3302 1089 3382 ead,

89 3411 117 3462 ot
140 3403 176 3461 da
204 3405 302 3462 amicis
324 3406 389 3461 tuis.
433 3403 487 3479 Qui
509 3404 660 3477 amitina,
688 3407 780 3463 sciens
810 3407 1026 3479 compassionem
1043 3396 1089 3454 De·

1 3491 3 3495 ’
88 3494 151 3549 cani
187 3493 231 3549 sui
262 3496 373 3548 tantum
412 3508 474 3549 asse
511 3494 539 3548 in
579 3509 673 3550 eausa.
726 3491 936 3550 Misericordiae
962 3484 1091 3548 viscardus

108 3677 138 3745 1)
156 3677 223 3798 lcrdrrs.
232 3676 538 3814 Π-Ὶ-δέθίιι-ιιάἓθιῗῗῦ
550 3694 633 3815 dJUddd
649 3678 873 3810 lidriputcvddldduar
887 3709 932 3814 pro
943 3676 1011 3798 4ηξιιξ
1017 3682 1092 3795 οροε.111ρί

155 3818 187 3888 7)
205 3816 262 3871 libri
281 3825 322 3870 ut.
344 3847 375 3858 -
393 3817 427 3888 8]
443 3816 487 3872 oo
502 3818 635 3870 uenalia
649 3827 807 3883 portaret.
824 3848 855 3858 -
875 3819 906 3884 9]
923 3833 958 3869 ea
975 3815 1021 3867 add
1036 3811 1059 3864 B.
