2438 4170
130 237 193 296 380
450 231 678 297 DISTINCIIO
703 230 838 295 SEXTA

129 375 182 418 vos
198 354 214 438 ¹)
244 357 391 432 dominae,
421 358 476 416 iste
509 364 552 416 est
579 357 644 416 Rex
671 374 767 431 meus,
802 372 890 431 quem
918 340 1036 433 semper
1066 360 1171 433 optavi.

129 444 204 503 Mira
233 443 406 519 dispensatio
426 443 493 503 Dei.
534 443 620 503 Anno
642 443 772 503 revoluto
802 443 848 502 die
877 442 996 519 eadem,
1026 461 1081 519 per
1102 461 1172 505 ean-

130 531 196 591 dem
222 531 349 606 plateam
379 537 509 590 mortuus
538 531 715 613 efferebatur.
764 531 803 589 Et
835 547 901 590 cnm
934 533 965 589 in
996 534 1171 593 monasteno

129 618 394 692 sanctimonialium,
415 618 494 693 qnod
505 618 620 676 Piscina
632 614 653 696 ²)
676 617 786 693 dicitur,
804 613 881 678 esset
890 616 1088 693 sepeliendus
1108 616 1172 679 lite-

129 707 168 765 ris
188 705 328 779 Priorum,
350 721 422 780 quos
442 722 529 782 saepe
541 702 562 784 ³)
584 707 667 764 nimis
688 705 862 780 turbaverat,
885 710 931 764 est
958 704 1133 782 prohibitus.

440 996 673 1060 CAPITULUM
701 997 849 1060 XXVIII.

79 1170 86 1189 ’
172 1157 220 1215 De
240 1156 370 1215 chrico
392 1157 527 1229 Ratione,
550 1160 633 1216 ouius
653 1156 854 1232 praebendam
877 1154 1011 1216 obliterat
1031 1160 1057 1215 ic
1079 1160 1131 1232 qui

216 1246 277 1304 etus
298 1245 417 1302 coneilio
440 1262 460 1302 a
481 1246 574 1303 Petro
598 1237 791 1321 Oardtnale‘)
811 1243 918 1319 fuerat
939 1246 1087 1303 intrusus.

194 1417 271 1477 Ante
291 1418 345 1477 hos
366 1434 474 1493 paucos
495 1434 594 1492 annos,
616 1435 681 1477 cum
702 1417 805 1476 Petrus
824 1416 985 1476 Cardinalis
1009 1416 1047 1477 de
1064 1412 1166 1496 Saao‘)

130 1512 206 1565 esset
227 1505 378 1579 Coloniae,
398 1492 540 1562 chricns
561 1510 750 1581 cognomento
772 1504 867 1578 Ratio,
888 1504 1033 1564 ecclesiae
1053 1510 1166 1564 sanctae

129 1592 239 1652 Mariae
261 1592 297 1650 ad
320 1590 433 1651 Gradus
456 1593 617 1665 canonicus,
635 1598 825 1650 etcausarum
846 1590 1010 1650 advocatus
1031 1591 1165 1666 peritissi-

130 1676 242 1759 mus⁶),
270 1678 308 1736 ad
336 1679 392 1737 hoc
421 1677 544 1737 eundem
573 1677 753 1737 Cardinalem
773 1677 939 1752 induxerat,
972 1684 1008 1737 ut
1037 1676 1162 1737 einsdcm

131 1765 268 1825 ecclesiae
289 1767 432 1824 canonicis
446 1767 630 1840 praeciperet,
652 1770 792 1839 quatenus
811 1765 962 1824 cuiusdam
985 1767 1057 1825 ciris
1072 1764 1166 1839 lilium,

48 1888 57 1897 -
128 1852 207 1911 nullo
230 1852 370 1927 stipendio
392 1859 523 1925 vacante,
544 1854 573 1909 in
594 1851 708 1910 fratrem
724 1859 753 1910 ct
774 1854 1002 1911 concanonicum
1024 1852 1165 1929 eligerent

133 1938 214 2014 Quod
237 1939 377 1998 cumillis
406 1940 500 1997 visum
528 1939 628 1997 suisset
655 1938 811 1998 absurdum
831 1940 931 2013 nimis,
963 1955 1020 1998 nec
1049 1941 1165 2014 acquic·

129 2031 253 2100 sacrent,
283 2028 413 2101 suspensi
441 2031 547 2084 sunta
568 2026 678 2084 divinis.
720 2024 889 2085 Judicantes
919 2042 990 2084 vero
1004 2022 1024 2107 ⁷)
1047 2025 1165 2085 eandem

129 2114 346 2188 suspensionem
383 2112 531 2186 hivolam,
570 2114 739 2171 unanimiter
773 2113 974 2188 Praepositum
1011 2112 1164 2190 elegerunt

129 2199 271 2258 Henricns
299 2206 411 2274 antem,
439 2206 471 2257 ut
499 2199 627 2256 turbatos
656 2199 777 2274 amplius
805 2201 948 2275 turbaret,
978 2200 1058 2260 solus
1081 2200 1163 2260 alium

129 2286 328 2360 Praepositum
351 2287 449 2361 elegit,
472 2304 537 2344 cnm
560 2302 615 2359 qno
640 2291 668 2343 et
688 2304 740 2360 pro
764 2304 819 2361 quo
841 2287 960 2344 fratrum
983 2305 1089 2362 pacem
1109 2288 1163 2345 liti·

129 2375 184 2433 bus
210 2380 241 2431 et
269 2373 379 2431 damnis
407 2391 465 2432 non
493 2373 637 2431 modicum
667 2374 801 2432 turbavit.
859 2373 945 2433 Justo
976 2374 1035 2433 Dei
1063 2374 1163 2433 indicio

130 2459 232 2520 codem
253 2476 328 2517 anno
350 2461 457 2534 primus
480 2462 605 2518 omnium
628 2459 777 2519 defunctus
800 2466 850 2534 est,
872 2466 900 2518 et
922 2467 1024 2535 aperto
1048 2478 1099 2520 ore
1120 2478 1164 2520 se-

129 2547 234 2622 pultus.
269 2545 455 2622 Obtinnitqne
469 2547 663 2622 praebendam
683 2546 758 2604 illius
775 2546 941 2606 adolescens
965 2548 1086 2607 consilio
1109 2551 1165 2607 eius

129 2637 262 2693 intrusus.
305 2633 412 2692 Audivi
433 2637 579 2708 veraciter,
601 2633 681 2693 nulla
701 2640 763 2692 arte
776 2650 808 2692 os
830 2636 889 2691 cius
911 2637 1043 2708 potuisse
1067 2634 1166 2708 claudi,

129 2728 163 2779 ut
183 2723 314 2779 omnibus
335 2728 511 2796 patesceret,
533 2728 639 2795 quanta
662 2720 748 2796 culpa
769 2727 852 2793 esset,
872 2723 900 2776 in
923 2723 1021 2779 causis
1042 2721 1167 2781 vendere

129 2808 265 2885 linguam.
315 2807 515 2867 NOVIOIUS:
546 2808 629 2883 Rogo
658 2814 691 2866 nt
712 2809 781 2866 vitio
804 2806 977 2881 dupItcitatis
1006 2811 1166 2883 postposito

129 2895 167 2953 ad
193 2895 402 2970 simplicitatem
432 2911 524 2953 sermo
555 2895 666 2968 redeat,
697 2911 771 2969 quae
800 2895 960 2966 incensis,
996 2901 1030 2953 ut
1052 2895 1166 2971 praedi·

130 2988 207 3039 ctum
240 2987 301 3055 est,
334 2985 419 3040 etiam
451 2981 563 3057 linguas
597 2982 715 3040 disertas
749 2987 873 3039 enervat.
926 2979 1166 3044 MONACHUS:

129 3067 195 3127 Hoc
216 3068 491 3146 plenius-sequentis
514 3069 629 3143 capituli
651 3067 807 3127 declarabit
829 3069 928 3127 oratio.

149 3463 178 3530 1)
197 3480 252 3514 vos
270 3464 319 3514 add
337 3464 385 3516 BG.
406 3494 435 3502 -
460 3466 491 3530 2)
510 3465 606 3515 Piscina
625 3473 683 3514 ante
706 3473 801 3530 portam
820 3461 983 3514 Welherlhor
1001 3463 1099 3516 dictam
1118 3466 1170 3517 tuit.

198 3534 261 3584 Vide
284 3534 316 3584 dc
340 3534 388 3584 hoo
411 3537 562 3586 monasterio
586 3533 670 3585 Gelon.
695 3533 726 3583 de
744 3535 825 3602 Magn.
844 3533 930 3583 Colon.
950 3549 975 3598 p.
997 3536 1060 3586 358.
1083 3565 1113 3574 -
1141 3537 1171 3602 3)

199 3621 297 3670 saepe
315 3604 363 3654 add
374 3603 401 3654 B.
438 3605 493 3655 llox
508 3620 555 3670 pro
573 3605 667 3654 nimis
686 3604 791 3654 sortasse
808 3602 940 3670 legendum
959 3605 1068 3657 minis.
1090 3635 1121 3644 -
1140 3607 1171 3673 4)

198 3675 261 3726 dor
282 3673 573 3735 Cardinali3‘eodem
598 3673 672 3724 nrodo
691 3674 708 3724 P
728 3689 804 3740 supra
823 3673 870 3736 IV,
896 3673 944 3722 79:
971 3674 1123 3742 „Episcopo
1146 3685 1171 3726 ct

197 3744 347 3796 Cardinali.“
390 3743 461 3796 Conf.
485 3745 737 3795 sanctimoniali.
764 3773 793 3782 -
823 3744 853 3810 5)
871 3741 935 3793 ADP
959 3743 1113 3797 Saxonis.
1140 3776 1168 3785 —

193 3816 225 3888 6)
244 3814 312 3870 unde
329 3816 405 3871 Retio
425 3816 619 3887 cognominatus
634 3814 693 3893 lunt.
711 3844 741 3852 —
756 3814 792 3879 ‘ll
806 3812 827 3865 G
843 3827 980 3878 suoque.
