<?xml version="1.0" encoding="UTF-8"?>
<!DOCTYPE html PUBLIC "-//W3C//DTD XHTML 1.0 Transitional//EN"
    "http://www.w3.org/TR/xhtml1/DTD/xhtml1-transitional.dtd">
<html xmlns="http://www.w3.org/1999/xhtml" xml:lang="en" lang="en">
 <head>
  <title>
</title>
<meta http-equiv="Content-Type" content="text/html;charset=utf-8" />
  <meta name='ocr-system' content='tesseract 3.04.00' />
  <meta name='ocr-capabilities' content='ocr_page ocr_carea ocr_par ocr_line ocrx_word'/>
</head>
<body>
  <div class='ocr_page' id='page_1' title='image "./caesariiheister00stragoog_0333.png"; bbox 0 0 2438 4170; ppageno 0'>
   <div class='ocr_carea' id='block_1_1' title="bbox 19 220 1211 3377">
    <p class='ocr_par' dir='ltr' id='par_1_1' title="bbox 60 220 1211 635">
     <span class='ocr_line' id='line_1_1' title="bbox 60 220 942 303; baseline 0.003 -18"><span class='ocrx_word' id='word_1_1' title='bbox 60 258 65 267; x_wconf 93' lang='lat'>·</span> <span class='ocrx_word' id='word_1_2' title='bbox 141 222 210 285; x_wconf 70' lang='lat'><strong>814</strong></span> <span class='ocrx_word' id='word_1_3' title='bbox 458 220 688 287; x_wconf 66' lang='lat' dir='ltr'><strong>parmeno</strong></span> <span class='ocrx_word' id='word_1_4' title='bbox 708 220 863 303; x_wconf 68' lang='lat' dir='ltr'><strong>Quum</strong></span> <span class='ocrx_word' id='word_1_5' title='bbox 888 248 898 267; x_wconf 52' lang='grc' dir='ltr'>ι</span> <span class='ocrx_word' id='word_1_6' title='bbox 922 252 942 275; x_wconf 92' lang='grc'><strong>·-</strong></span> 
     </span>
     <span class='ocr_line' id='line_1_2' title="bbox 102 342 1211 409; baseline 0 -2"><span class='ocrx_word' id='word_1_7' title='bbox 102 342 963 409; x_wconf 84' lang='lat' dir='ltr'><strong>‘talibusindtstincticnceoniessionisdictuurest</strong></span> <span class='ocrx_word' id='word_1_8' title='bbox 1002 342 1211 409; x_wconf 64' lang='lat' dir='ltr'><strong>-Purtibttt</strong></span> 
     </span>
     <span class='ocr_line' id='line_1_3' title="bbox 143 426 1211 513; baseline -0.001 -19"><span class='ocrx_word' id='word_1_9' title='bbox 143 432 270 494; x_wconf 56' lang='lat' dir='ltr'><strong>&amp;emon</strong></span> <span class='ocrx_word' id='word_1_10' title='bbox 288 430 436 493; x_wconf 82' lang='lat' dir='ltr'><strong>adiuratus</strong></span> <span class='ocrx_word' id='word_1_11' title='bbox 456 432 495 493; x_wconf 86' lang='lat' dir='ltr'><strong>ab</strong></span> <span class='ocrx_word' id='word_1_12' title='bbox 516 430 635 495; x_wconf 81' lang='lat' dir='ltr'><strong>Abbstc</strong></span> <span class='ocrx_word' id='word_1_13' title='bbox 653 438 688 493; x_wconf 90' lang='lat' dir='ltr'><strong>ut</strong></span> <span class='ocrx_word' id='word_1_14' title='bbox 708 434 815 509; x_wconf 65' lang='lat' dir='ltr'><strong>meet,</strong></span> <span class='ocrx_word' id='word_1_15' title='bbox 832 432 995 511; x_wconf 68' lang='lat' dir='ltr'><strong>respondite</strong></span> <span class='ocrx_word' id='word_1_16' title='bbox 1020 432 1075 513; x_wconf 82' lang='lat' dir='ltr'><strong>Quo</strong></span> <span class='ocrx_word' id='word_1_17' title='bbox 1089 426 1139 493; x_wconf 80' lang='lat' dir='ltr'><strong>bet</strong></span> <span class='ocrx_word' id='word_1_18' title='bbox 1165 428 1168 433; x_wconf 82' lang='lat'>&#39;</span> <span class='ocrx_word' id='word_1_19' title='bbox 1195 432 1211 493; x_wconf 88' lang='lat' dir='ltr'><strong>t</strong></span> 
     </span>
     <span class='ocr_line' id='line_1_4' title="bbox 143 517 1139 635; baseline 0 -54"><span class='ocrx_word' id='word_1_20' title='bbox 143 520 268 635; x_wconf 56' lang='lat' dir='ltr'><strong>Dicente</strong></span> <span class='ocrx_word' id='word_1_21' title='bbox 287 517 419 595; x_wconf 81' lang='lat' dir='ltr'><strong>Abbata,</strong></span> <span class='ocrx_word' id='word_1_22' title='bbox 448 536 516 580; x_wconf 87' lang='lat' dir='ltr'><strong>ecee</strong></span> <span class='ocrx_word' id='word_1_23' title='bbox 543 536 578 581; x_wconf 94' lang='lat' dir='ltr'><strong>os</strong></span> <span class='ocrx_word' id='word_1_24' title='bbox 606 536 703 580; x_wconf 87' lang='lat' dir='ltr'><strong>meum</strong></span> <span class='ocrx_word' id='word_1_25' title='bbox 723 522 836 597; x_wconf 60' lang='lat' dir='ltr'><strong>eperia</strong></span> <span class='ocrx_word' id='word_1_26' title='bbox 868 522 894 581; x_wconf 88' lang='lat' dir='ltr'><strong>si</strong></span> <span class='ocrx_word' id='word_1_27' title='bbox 913 526 996 597; x_wconf 87' lang='lat' dir='ltr'><strong>potas</strong></span> <span class='ocrx_word' id='word_1_28' title='bbox 1013 518 1139 601; x_wconf 60' lang='lat' dir='ltr'><strong>norme</strong></span> 
     </span>
    </p>

    <p class='ocr_par' dir='ltr' id='par_1_2' title="bbox 19 602 1211 949">
     <span class='ocr_line' id='line_1_5' title="bbox 19 602 1211 684; baseline -0.003 -15"><span class='ocrx_word' id='word_1_29' title='bbox 19 602 22 609; x_wconf 77' lang='grc'><strong>’</strong></span> <span class='ocrx_word' id='word_1_30' title='bbox 145 608 209 669; x_wconf 77' lang='lat' dir='ltr'><strong>aitr-</strong></span> <span class='ocrx_word' id='word_1_31' title='bbox 235 606 302 667; x_wconf 80' lang='lat' dir='ltr'><strong>Non</strong></span> <span class='ocrx_word' id='word_1_32' title='bbox 337 622 456 683; x_wconf 86' lang='lat' dir='ltr'><strong>possum</strong></span> <span class='ocrx_word' id='word_1_33' title='bbox 489 609 607 682; x_wconf 73' lang='lat' dir='ltr'><strong>muare,</strong></span> <span class='ocrx_word' id='word_1_34' title='bbox 639 608 708 684; x_wconf 90' lang='lat' dir='ltr'><strong>qnia</strong></span> <span class='ocrx_word' id='word_1_35' title='bbox 739 606 907 669; x_wconf 85' lang='lat' dir='ltr'><strong>Altissimus</strong></span> <span class='ocrx_word' id='word_1_36' title='bbox 935 606 1023 681; x_wconf 85' lang='lat' dir='ltr'><strong>bodie</strong></span> <span class='ocrx_word' id='word_1_37' title='bbox 1047 604 1140 667; x_wconf 67' lang='lat' dir='ltr'><strong>biert</strong></span> <span class='ocrx_word' id='word_1_38' title='bbox 1198 620 1211 665; x_wconf 85' lang='grc' dir='ltr'>ι</span> 
     </span>
     <span class='ocr_line' id='line_1_6' title="bbox 144 691 1211 773; baseline -0.004 -18"><span class='ocrx_word' id='word_1_39' title='bbox 144 692 228 755; x_wconf 80' lang='lat' dir='ltr'><strong>Tune</strong></span> <span class='ocrx_word' id='word_1_40' title='bbox 254 691 371 753; x_wconf 82' lang='lat' dir='ltr'><strong>Abbas:</strong></span> <span class='ocrx_word' id='word_1_41' title='bbox 398 691 534 753; x_wconf 85' lang='lat' dir='ltr'><strong>Ascende</strong></span> <span class='ocrx_word' id='word_1_42' title='bbox 552 698 647 769; x_wconf 87' lang='lat' dir='ltr'><strong>&#39;super</strong></span> <span class='ocrx_word' id='word_1_43' title='bbox 671 692 726 754; x_wconf 92' lang='lat' dir='ltr'><strong>bos</strong></span> <span class='ocrx_word' id='word_1_44' title='bbox 752 692 825 755; x_wconf 87' lang='lat' dir='ltr'><strong>duos</strong></span> <span class='ocrx_word' id='word_1_45' title='bbox 856 692 975 773; x_wconf 78' lang='lat' dir='ltr'><strong>digitos,</strong></span> <span class='ocrx_word' id='word_1_46' title='bbox 997 693 1143 771; x_wconf 73' lang='lat' dir='ltr'><strong>polltemd</strong></span> <span class='ocrx_word' id='word_1_47' title='bbox 1170 712 1173 717; x_wconf 94' lang='lat'>·</span> <span class='ocrx_word' id='word_1_48' title='bbox 1200 707 1211 766; x_wconf 76' lang='lat' dir='ltr'><strong>r</strong></span> 
     </span>
     <span class='ocr_line' id='line_1_7' title="bbox 143 778 1144 858; baseline 0 -17"><span class='ocrx_word' id='word_1_49' title='bbox 143 779 268 841; x_wconf 88' lang='lat' dir='ltr'><strong>indicem</strong></span> <span class='ocrx_word' id='word_1_50' title='bbox 289 779 455 848; x_wconf 87' lang='lat' dir='ltr'><strong>eiotierens.</strong></span> <span class='ocrx_word' id='word_1_51' title='bbox 496 778 1144 858; x_wconf 65' lang='lat' dir='ltr'><strong>Non1valeo,brqatt„quiabodieailtbaiuttt</strong></span> 
     </span>
     <span class='ocr_line' id='line_1_8' title="bbox 143 863 1146 949; baseline 0 -20"><span class='ocrx_word' id='word_1_52' title='bbox 143 867 282 929; x_wconf 73' lang='lat' dir='ltr'><strong>tractasti.</strong></span> <span class='ocrx_word' id='word_1_53' title='bbox 324 866 532 927; x_wconf 86' lang='lat' dir='ltr'><strong>Dixeratcnim</strong></span> <span class='ocrx_word' id='word_1_54' title='bbox 552 869 671 927; x_wconf 88' lang='lat' dir='ltr'><strong>missam</strong></span> <span class='ocrx_word' id='word_1_55' title='bbox 684 866 788 929; x_wconf 83' lang='lat' dir='ltr'><strong>Abbcs</strong></span> <span class='ocrx_word' id='word_1_56' title='bbox 797 863 815 949; x_wconf 87' lang='lat'><strong>¹)</strong></span> <span class='ocrx_word' id='word_1_57' title='bbox 836 867 874 928; x_wconf 88' lang='lat' dir='ltr'><strong>dc</strong></span> <span class='ocrx_word' id='word_1_58' title='bbox 893 884 989 929; x_wconf 87' lang='lat' dir='ltr'><strong>mane.</strong></span> <span class='ocrx_word' id='word_1_59' title='bbox 1027 866 1146 929; x_wconf 74' lang='lat' dir='ltr'><strong>matut</strong></span> 
     </span>
    </p>

    <p class='ocr_par' dir='ltr' id='par_1_3' title="bbox 51 934 1179 1208">
     <span class='ocr_line' id='line_1_9' title="bbox 51 934 1179 1031; baseline 0 -16"><span class='ocrx_word' id='word_1_60' title='bbox 51 978 56 984; x_wconf 91' lang='lat'>·</span> <span class='ocrx_word' id='word_1_61' title='bbox 144 972 181 1015; x_wconf 89' lang='lat' dir='ltr'><strong>ao</strong></span> <span class='ocrx_word' id='word_1_62' title='bbox 214 960 248 1015; x_wconf 88' lang='lat' dir='ltr'><strong>ut</strong></span> <span class='ocrx_word' id='word_1_63' title='bbox 279 955 384 1029; x_wconf 84' lang='lat' dir='ltr'><strong>exiret,</strong></span> <span class='ocrx_word' id='word_1_64' title='bbox 415 953 574 1031; x_wconf 87' lang='lat' dir='ltr'><strong>respondit:</strong></span> <span class='ocrx_word' id='word_1_65' title='bbox 599 950 736 1014; x_wconf 84' lang='lat' dir='ltr'><strong>Nondum</strong></span> <span class='ocrx_word' id='word_1_66' title='bbox 761 954 825 1014; x_wconf 83' lang='lat' dir='ltr'><strong>vult</strong></span> <span class='ocrx_word' id='word_1_67' title='bbox 851 952 1026 1023; x_wconf 84' lang='lat' dir='ltr'><strong>Altissimna</strong></span> <span class='ocrx_word' id='word_1_68' title='bbox 1068 934 1147 1015; x_wconf 81' lang='lat' dir='ltr'><strong>ina</strong></span> <span class='ocrx_word' id='word_1_69' title='bbox 1176 960 1179 965; x_wconf 87' lang='lat'>&#39;</span> 
     </span>
     <span class='ocr_line' id='line_1_10' title="bbox 145 1034 1150 1129; baseline -0.001 -27"><span class='ocrx_word' id='word_1_70' title='bbox 145 1040 259 1102; x_wconf 87' lang='lat' dir='ltr'><strong>duobus</strong></span> <span class='ocrx_word' id='word_1_71' title='bbox 280 1043 363 1102; x_wconf 87' lang='lat' dir='ltr'><strong>annis</strong></span> <span class='ocrx_word' id='word_1_72' title='bbox 384 1056 434 1100; x_wconf 90' lang='lat' dir='ltr'><strong>ero</strong></span> <span class='ocrx_word' id='word_1_73' title='bbox 453 1042 484 1099; x_wconf 92' lang='lat' dir='ltr'><strong>iu</strong></span> <span class='ocrx_word' id='word_1_74' title='bbox 505 1056 556 1117; x_wconf 70' lang='lat' dir='ltr'><strong>aa,</strong></span> <span class='ocrx_word' id='word_1_75' title='bbox 577 1046 643 1117; x_wconf 88' lang='lat' dir='ltr'><strong>post</strong></span> <span class='ocrx_word' id='word_1_76' title='bbox 663 1034 765 1121; x_wconf 73' lang='lat' dir='ltr'><strong>baec&#39;)</strong></span> <span class='ocrx_word' id='word_1_77' title='bbox 785 1040 1080 1129; x_wconf 78' lang='lat' dir='ltr'><strong>inviailliusJaeobi</strong></span> <span class='ocrx_word' id='word_1_78' title='bbox 1094 1038 1150 1101; x_wconf 72' lang='lat' dir='ltr'><strong>bt·</strong></span> 
     </span>
     <span class='ocr_line' id='line_1_11' title="bbox 144 1124 1152 1208; baseline 0.001 -20"><span class='ocrx_word' id='word_1_79' title='bbox 144 1124 292 1208; x_wconf 81' lang='lat' dir='ltr'><strong>rabitur⁸).</strong></span> <span class='ocrx_word' id='word_1_80' title='bbox 334 1126 420 1205; x_wconf 80' lang='lat' dir='ltr'><strong>Quod</strong></span> <span class='ocrx_word' id='word_1_81' title='bbox 447 1128 489 1187; x_wconf 86' lang='lat' dir='ltr'><strong>tta</strong></span> <span class='ocrx_word' id='word_1_82' title='bbox 508 1127 616 1187; x_wconf 82' lang='lat' dir='ltr'><strong>iactum</strong></span> <span class='ocrx_word' id='word_1_83' title='bbox 637 1133 690 1187; x_wconf 82' lang='lat' dir='ltr'><strong>est</strong></span> <span class='ocrx_word' id='word_1_84' title='bbox 732 1126 846 1190; x_wconf 77' lang='lat' dir='ltr'>Deinde</span> <span class='ocrx_word' id='word_1_85' title='bbox 866 1134 986 1206; x_wconf 82' lang='lat' dir='ltr'><strong>rogatus</strong></span> <span class='ocrx_word' id='word_1_86' title='bbox 1012 1126 1152 1203; x_wconf 76' lang='lat' dir='ltr'><strong>cstdbbtt</strong></span> 
     </span>
    </p>

    <p class='ocr_par' dir='ltr' id='par_1_4' title="bbox 118 1204 1154 1295">
     <span class='ocr_line' id='line_1_12' title="bbox 118 1204 1154 1295; baseline 0 -19"><span class='ocrx_word' id='word_1_87' title='bbox 118 1222 205 1287; x_wconf 62' lang='lat' dir='ltr'><strong>¹tem</strong></span> <span class='ocrx_word' id='word_1_88' title='bbox 232 1232 253 1275; x_wconf 84' lang='lat' dir='ltr'><strong>a</strong></span> <span class='ocrx_word' id='word_1_89' title='bbox 279 1204 422 1275; x_wconf 84' lang='lat' dir='ltr'><strong>monacho</strong></span> <span class='ocrx_word' id='word_1_90' title='bbox 454 1230 541 1291; x_wconf 89' lang='lat' dir='ltr'><strong>quam</strong></span> <span class='ocrx_word' id='word_1_91' title='bbox 569 1230 589 1274; x_wconf 83' lang='lat' dir='ltr'><strong>a</strong></span> <span class='ocrx_word' id='word_1_92' title='bbox 616 1230 772 1291; x_wconf 83' lang='lat' dir='ltr'><strong>convorso,</strong></span> <span class='ocrx_word' id='word_1_93' title='bbox 797 1221 833 1275; x_wconf 89' lang='lat' dir='ltr'><strong>ut</strong></span> <span class='ocrx_word' id='word_1_94' title='bbox 853 1214 969 1277; x_wconf 90' lang='lat' dir='ltr'><strong>diabolo</strong></span> <span class='ocrx_word' id='word_1_95' title='bbox 988 1216 1154 1295; x_wconf 65' lang='lat' dir='ltr'><strong>prmetpuet</strong></span> 
     </span>
    </p>

    <p class='ocr_par' dir='ltr' id='par_1_5' title="bbox 29 1300 1160 1475">
     <span class='ocr_line' id='line_1_13' title="bbox 29 1300 1157 1381; baseline 0.002 -19"><span class='ocrx_word' id='word_1_96' title='bbox 29 1305 33 1311; x_wconf 88' lang='grc'><em>“</em></span> <span class='ocrx_word' id='word_1_97' title='bbox 120 1307 344 1379; x_wconf 62' lang='lat' dir='ltr'><strong>‚cusanus-se</strong></span> <span class='ocrx_word' id='word_1_98' title='bbox 372 1303 413 1365; x_wconf 87' lang='lat' dir='ltr'><strong>eis</strong></span> <span class='ocrx_word' id='word_1_99' title='bbox 440 1302 471 1360; x_wconf 85' lang='lat' dir='ltr'><strong>in</strong></span> <span class='ocrx_word' id='word_1_100' title='bbox 497 1318 551 1363; x_wconf 90' lang='lat' dir='ltr'><strong>sua</strong></span> <span class='ocrx_word' id='word_1_101' title='bbox 576 1301 669 1362; x_wconf 81' lang='lat' dir='ltr'><strong>forma</strong></span> <span class='ocrx_word' id='word_1_102' title='bbox 687 1300 812 1362; x_wconf 85' lang='lat' dir='ltr'><strong>naturali</strong></span> <span class='ocrx_word' id='word_1_103' title='bbox 832 1302 1005 1364; x_wconf 75' lang='lat' dir='ltr'><strong>ostenderet.</strong></span> <span class='ocrx_word' id='word_1_104' title='bbox 1044 1302 1157 1381; x_wconf 76' lang='lat' dir='ltr'><strong>Respon-</strong></span> 
     </span>
     <span class='ocr_line' id='line_1_14' title="bbox 144 1386 1160 1475; baseline 0.002 -26"><span class='ocrx_word' id='word_1_105' title='bbox 144 1388 230 1451; x_wconf 89' lang='lat' dir='ltr'><strong>deute</strong></span> <span class='ocrx_word' id='word_1_106' title='bbox 250 1386 381 1464; x_wconf 84' lang='lat' dir='ltr'><strong>Abbate,</strong></span> <span class='ocrx_word' id='word_1_107' title='bbox 409 1405 469 1448; x_wconf 92' lang='lat' dir='ltr'><strong>non</strong></span> <span class='ocrx_word' id='word_1_108' title='bbox 498 1387 556 1449; x_wconf 89' lang='lat' dir='ltr'><strong>boc</strong></span> <span class='ocrx_word' id='word_1_109' title='bbox 576 1389 647 1448; x_wconf 90' lang='lat' dir='ltr'><strong>mibi</strong></span> <span class='ocrx_word' id='word_1_110' title='bbox 666 1389 776 1449; x_wconf 89' lang='lat' dir='ltr'><strong>bonum</strong></span> <span class='ocrx_word' id='word_1_111' title='bbox 794 1387 922 1465; x_wconf 84' lang='lat' dir='ltr'><strong>videtur,</strong></span> <span class='ocrx_word' id='word_1_112' title='bbox 954 1388 1077 1475; x_wconf 76' lang='lat' dir='ltr'><strong>sufficiat</strong></span> <span class='ocrx_word' id='word_1_113' title='bbox 1092 1388 1160 1451; x_wconf 74' lang='lat' dir='ltr'><strong>vota</strong></span> 
     </span>
    </p>

    <p class='ocr_par' dir='ltr' id='par_1_6' title="bbox 23 1474 1164 1640">
     <span class='ocr_line' id='line_1_15' title="bbox 23 1474 1161 1559; baseline -0.002 -22"><span class='ocrx_word' id='word_1_114' title='bbox 23 1516 28 1529; x_wconf 68' lang='lat'><em>.</em></span> <span class='ocrx_word' id='word_1_115' title='bbox 144 1474 232 1553; x_wconf 86' lang='lat' dir='ltr'><strong>quod·</strong></span> <span class='ocrx_word' id='word_1_116' title='bbox 253 1474 403 1553; x_wconf 77' lang='lat' dir='ltr'><strong>bucusque</strong></span> <span class='ocrx_word' id='word_1_117' title='bbox 424 1478 451 1536; x_wconf 88' lang='lat' dir='ltr'><strong>ei</strong></span> <span class='ocrx_word' id='word_1_118' title='bbox 471 1478 684 1559; x_wconf 75' lang='lat' dir='ltr'><strong>prappepimus3</strong></span> <span class='ocrx_word' id='word_1_119' title='bbox 711 1475 767 1536; x_wconf 86' lang='lat' dir='ltr'><strong>illis</strong></span> <span class='ocrx_word' id='word_1_120' title='bbox 787 1475 959 1537; x_wconf 69' lang='lat' dir='ltr'><strong>obstinatius</strong></span> <span class='ocrx_word' id='word_1_121' title='bbox 979 1481 1014 1537; x_wconf 93' lang='lat' dir='ltr'><strong>ut</strong></span> <span class='ocrx_word' id='word_1_122' title='bbox 1027 1476 1111 1539; x_wconf 80' lang='lat' dir='ltr'><strong>beret</strong></span> <span class='ocrx_word' id='word_1_123' title='bbox 1123 1476 1161 1535; x_wconf 89' lang='lat' dir='ltr'><strong>ir-</strong></span> 
     </span>
     <span class='ocr_line' id='line_1_16' title="bbox 143 1562 1164 1640; baseline 0.002 -17"><span class='ocrx_word' id='word_1_124' title='bbox 143 1563 317 1639; x_wconf 86' lang='lat' dir='ltr'><strong>sistentibus,</strong></span> <span class='ocrx_word' id='word_1_125' title='bbox 329 1562 458 1637; x_wconf 54' lang='lat' dir='ltr'><strong>,andem</strong></span> <span class='ocrx_word' id='word_1_126' title='bbox 471 1565 566 1623; x_wconf 75' lang='lat' dir='ltr'><strong>dctus</strong></span> <span class='ocrx_word' id='word_1_127' title='bbox 584 1564 640 1623; x_wconf 83' lang='lat' dir='ltr'><strong>ait:</strong></span> <span class='ocrx_word' id='word_1_128' title='bbox 660 1562 810 1640; x_wconf 77' lang='lat' dir='ltr'><strong>Ptaecipio</strong></span> <span class='ocrx_word' id='word_1_129' title='bbox 831 1563 883 1624; x_wconf 88' lang='lat' dir='ltr'><strong>tibi</strong></span> <span class='ocrx_word' id='word_1_130' title='bbox 903 1565 936 1623; x_wconf 76' lang='lat' dir='ltr'><strong>tn</strong></span> <span class='ocrx_word' id='word_1_131' title='bbox 947 1564 1057 1625; x_wconf 70' lang='lat' dir='ltr'><strong>ruma</strong></span> <span class='ocrx_word' id='word_1_132' title='bbox 1068 1562 1164 1637; x_wconf 61' lang='lat' dir='ltr'><strong>etim</strong></span> 
     </span>
    </p>

    <p class='ocr_par' dir='ltr' id='par_1_7' title="bbox 65 1648 1168 1814">
     <span class='ocr_line' id='line_1_17' title="bbox 65 1648 1166 1727; baseline 0.003 -17"><span class='ocrx_word' id='word_1_133' title='bbox 65 1656 69 1663; x_wconf 85' lang='grc'><em>“</em></span> <span class='ocrx_word' id='word_1_134' title='bbox 143 1657 177 1711; x_wconf 91' lang='lat' dir='ltr'><strong>nt</strong></span> <span class='ocrx_word' id='word_1_135' title='bbox 200 1652 231 1709; x_wconf 88' lang='lat' dir='ltr'><strong>in</strong></span> <span class='ocrx_word' id='word_1_136' title='bbox 258 1656 311 1710; x_wconf 83' lang='lat' dir='ltr'><strong>tua</strong></span> <span class='ocrx_word' id='word_1_137' title='bbox 337 1650 461 1711; x_wconf 88' lang='lat' dir='ltr'><strong>naturali</strong></span> <span class='ocrx_word' id='word_1_138' title='bbox 487 1650 584 1727; x_wconf 87' lang='lat' dir='ltr'><strong>specie</strong></span> <span class='ocrx_word' id='word_1_139' title='bbox 600 1648 855 1727; x_wconf 79' lang='lat' dir='ltr'><strong>nobls&#39;appareas.</strong></span> <span class='ocrx_word' id='word_1_140' title='bbox 896 1648 1102 1727; x_wconf 84' lang='lat' dir='ltr'><strong>Respondente</strong></span> <span class='ocrx_word' id='word_1_141' title='bbox 1117 1648 1166 1725; x_wconf 80' lang='lat' dir='ltr'><strong>lb,</strong></span> 
     </span>
     <span class='ocr_line' id='line_1_18' title="bbox 142 1734 1168 1814; baseline 0.001 -16"><span class='ocrx_word' id='word_1_142' title='bbox 142 1754 201 1798; x_wconf 90' lang='lat' dir='ltr'><strong>non</strong></span> <span class='ocrx_word' id='word_1_143' title='bbox 226 1736 440 1808; x_wconf 75' lang='lat' dir='ltr'><strong>valliacarere</strong></span> <span class='ocrx_word' id='word_1_144' title='bbox 460 1738 582 1797; x_wconf 89' lang='lat' dir='ltr'><strong>nisime</strong></span> <span class='ocrx_word' id='word_1_145' title='bbox 602 1734 747 1797; x_wconf 74' lang='lat' dir='ltr'><strong>videatis?</strong></span> <span class='ocrx_word' id='word_1_146' title='bbox 776 1743 805 1797; x_wconf 91' lang='lat' dir='ltr'><strong>et</strong></span> <span class='ocrx_word' id='word_1_147' title='bbox 824 1734 944 1797; x_wconf 83' lang='lat' dir='ltr'><strong>Abbate</strong></span> <span class='ocrx_word' id='word_1_148' title='bbox 965 1736 1168 1814; x_wconf 50' lang='lat' dir='ltr'><strong>dicsnmnoae</strong></span> 
     </span>
    </p>

    <p class='ocr_par' dir='ltr' id='par_1_8' title="bbox 76 1814 1175 2683">
     <span class='ocr_line' id='line_1_19' title="bbox 76 1814 1169 1901; baseline 0.003 -19"><span class='ocrx_word' id='word_1_149' title='bbox 76 1819 82 1831; x_wconf 79' lang='grc'><em>“</em></span> <span class='ocrx_word' id='word_1_150' title='bbox 137 1824 240 1901; x_wconf 83' lang='lat' dir='ltr'><strong>coepit</strong></span> <span class='ocrx_word' id='word_1_151' title='bbox 264 1814 374 1884; x_wconf 81' lang='lat' dir='ltr'><strong>mulicr‘</strong></span> <span class='ocrx_word' id='word_1_152' title='bbox 390 1826 421 1883; x_wconf 89' lang='lat' dir='ltr'><strong>tn</strong></span> <span class='ocrx_word' id='word_1_153' title='bbox 442 1823 533 1885; x_wconf 90' lang='lat' dir='ltr'><strong>oeulis</strong></span> <span class='ocrx_word' id='word_1_154' title='bbox 553 1816 652 1885; x_wconf 83' lang='lat' dir='ltr'><strong>eorum</strong></span> <span class='ocrx_word' id='word_1_155' title='bbox 672 1828 849 1900; x_wconf 62' lang='lat' dir='ltr'><strong>mugnone,</strong></span> <span class='ocrx_word' id='word_1_156' title='bbox 877 1828 907 1884; x_wconf 89' lang='lat' dir='ltr'><strong>et</strong></span> <span class='ocrx_word' id='word_1_157' title='bbox 927 1822 967 1885; x_wconf 86' lang='lat' dir='ltr'><strong>ud</strong></span> <span class='ocrx_word' id='word_1_158' title='bbox 986 1826 1079 1885; x_wconf 68' lang='lat' dir='ltr'><strong>inam</strong></span> <span class='ocrx_word' id='word_1_159' title='bbox 1096 1824 1169 1885; x_wconf 73' lang='lat' dir='ltr'><strong>turb</strong></span> 
     </span>
     <span class='ocr_line' id='line_1_20' title="bbox 143 1908 1171 1987; baseline 0.001 -15"><span class='ocrx_word' id='word_1_160' title='bbox 143 1909 315 1986; x_wconf 74' lang='lat' dir='ltr'><strong>escendere,</strong></span> <span class='ocrx_word' id='word_1_161' title='bbox 335 1912 377 1971; x_wconf 89' lang='lat' dir='ltr'><strong>ita</strong></span> <span class='ocrx_word' id='word_1_162' title='bbox 396 1916 430 1970; x_wconf 90' lang='lat' dir='ltr'><strong>nt</strong></span> <span class='ocrx_word' id='word_1_163' title='bbox 451 1910 527 1970; x_wconf 86' lang='lat' dir='ltr'><strong>oculi</strong></span> <span class='ocrx_word' id='word_1_164' title='bbox 544 1912 609 1971; x_wconf 85' lang='lat' dir='ltr'><strong>aius</strong></span> <span class='ocrx_word' id='word_1_165' title='bbox 630 1908 828 1987; x_wconf 88' lang='lat' dir='ltr'><strong>scintillarent,</strong></span> <span class='ocrx_word' id='word_1_166' title='bbox 850 1914 938 1986; x_wconf 77' lang='lat' dir='ltr'><strong>atque</strong></span> <span class='ocrx_word' id='word_1_167' title='bbox 958 1910 1000 1971; x_wconf 88' lang='lat' dir='ltr'><strong>ad</strong></span> <span class='ocrx_word' id='word_1_168' title='bbox 1019 1908 1171 1973; x_wconf 70' lang='lat' dir='ltr'><strong>munu-</strong></span> 
     </span>
     <span class='ocr_line' id='line_1_21' title="bbox 142 1996 1172 2075; baseline 0.002 -18"><span class='ocrx_word' id='word_1_169' title='bbox 142 2015 210 2058; x_wconf 90' lang='lat' dir='ltr'><strong>nem</strong></span> <span class='ocrx_word' id='word_1_170' title='bbox 221 1997 345 2058; x_wconf 76' lang='lat' dir='ltr'><strong>fornacis</strong></span> <span class='ocrx_word' id='word_1_171' title='bbox 357 1997 536 2075; x_wconf 78' lang='lat' dir='ltr'><strong>fumigarent.</strong></span> <span class='ocrx_word' id='word_1_172' title='bbox 578 1996 690 2074; x_wconf 76' lang='lat' dir='ltr'><strong>meus</strong></span> <span class='ocrx_word' id='word_1_173' title='bbox 702 1998 778 2072; x_wconf 88' lang='lat' dir='ltr'><strong>visis,</strong></span> <span class='ocrx_word' id='word_1_174' title='bbox 800 1998 916 2057; x_wconf 87' lang='lat' dir='ltr'><strong>territus</strong></span> <span class='ocrx_word' id='word_1_175' title='bbox 931 1998 991 2057; x_wconf 89' lang='lat' dir='ltr'><strong>ruit</strong></span> <span class='ocrx_word' id='word_1_176' title='bbox 1009 1998 1041 2059; x_wconf 91' lang='lat' dir='ltr'><strong>in</strong></span> <span class='ocrx_word' id='word_1_177' title='bbox 1061 1998 1172 2059; x_wconf 74' lang='lat' dir='ltr'><strong>cx&#39;tadnt</strong></span> 
     </span>
     <span class='ocr_line' id='line_1_22' title="bbox 142 2084 1172 2160; baseline 0.001 -16"><span class='ocrx_word' id='word_1_178' title='bbox 142 2084 310 2160; x_wconf 87' lang='lat' dir='ltr'><strong>monachus,</strong></span> <span class='ocrx_word' id='word_1_179' title='bbox 330 2084 423 2144; x_wconf 78' lang='lat' dir='ltr'><strong>factm</strong></span> <span class='ocrx_word' id='word_1_180' title='bbox 445 2089 490 2144; x_wconf 88' lang='lat' dir='ltr'><strong>est</strong></span> <span class='ocrx_word' id='word_1_181' title='bbox 510 2088 591 2143; x_wconf 86' lang='lat' dir='ltr'><strong>extra</strong></span> <span class='ocrx_word' id='word_1_182' title='bbox 611 2100 913 2160; x_wconf 77' lang='lat' dir='ltr'><strong>sensnmconvorsns,</strong></span> <span class='ocrx_word' id='word_1_183' title='bbox 942 2089 973 2144; x_wconf 90' lang='lat' dir='ltr'><strong>et</strong></span> <span class='ocrx_word' id='word_1_184' title='bbox 992 2086 1057 2146; x_wconf 82' lang='lat' dir='ltr'><strong>nisi</strong></span> <span class='ocrx_word' id='word_1_185' title='bbox 1070 2084 1172 2159; x_wconf 68' lang='lat' dir='ltr'><strong>Abba,</strong></span> 
     </span>
     <span class='ocr_line' id='line_1_23' title="bbox 128 2166 1172 2250; baseline 0.003 -20"><span class='ocrx_word' id='word_1_186' title='bbox 128 2173 193 2247; x_wconf 82' lang='lat' dir='ltr'><strong>&#39;qui</strong></span> <span class='ocrx_word' id='word_1_187' title='bbox 214 2174 254 2231; x_wconf 91' lang='lat' dir='ltr'><strong>eis</strong></span> <span class='ocrx_word' id='word_1_188' title='bbox 276 2173 450 2231; x_wconf 76' lang='lat' dir='ltr'><strong>constantior</strong></span> <span class='ocrx_word' id='word_1_189' title='bbox 472 2166 576 2250; x_wconf 77' lang='lat' dir='ltr'><strong>erat⁴)‚</strong></span> <span class='ocrx_word' id='word_1_190' title='bbox 597 2169 712 2230; x_wconf 88' lang='lat' dir='ltr'><strong>diabolo</strong></span> <span class='ocrx_word' id='word_1_191' title='bbox 733 2176 766 2229; x_wconf 87' lang='lat' dir='ltr'><strong>ut</strong></span> <span class='ocrx_word' id='word_1_192' title='bbox 786 2172 935 2247; x_wconf 76' lang='lat' dir='ltr'><strong>pristinem</strong></span> <span class='ocrx_word' id='word_1_193' title='bbox 955 2170 1080 2233; x_wconf 85' lang='lat' dir='ltr'><strong>sormam</strong></span> <span class='ocrx_word' id='word_1_194' title='bbox 1098 2176 1172 2233; x_wconf 81' lang='lat' dir='ltr'><strong>restr-</strong></span> 
     </span>
     <span class='ocr_line' id='line_1_24' title="bbox 142 2253 1173 2337; baseline 0.004 -21"><span class='ocrx_word' id='word_1_195' title='bbox 142 2265 242 2333; x_wconf 87' lang='lat' dir='ltr'><strong>moret,</strong></span> <span class='ocrx_word' id='word_1_196' title='bbox 263 2261 342 2317; x_wconf 89' lang='lat' dir='ltr'><strong>ocius</strong></span> <span class='ocrx_word' id='word_1_197' title='bbox 363 2260 562 2334; x_wconf 76' lang='lat' dir='ltr'><strong>praecepisset,</strong></span> <span class='ocrx_word' id='word_1_198' title='bbox 584 2257 706 2317; x_wconf 89' lang='lat' dir='ltr'><strong>similem</strong></span> <span class='ocrx_word' id='word_1_199' title='bbox 713 2253 733 2337; x_wconf 85' lang='lat'><strong>⁵)</strong></span> <span class='ocrx_word' id='word_1_200' title='bbox 755 2260 858 2317; x_wconf 86' lang='lat' dir='ltr'><strong>mentis</strong></span> <span class='ocrx_word' id='word_1_201' title='bbox 880 2256 1026 2318; x_wconf 86' lang='lat' dir='ltr'><strong>deiectum</strong></span> <span class='ocrx_word' id='word_1_202' title='bbox 1047 2260 1173 2320; x_wconf 68' lang='lat' dir='ltr'><strong>monna</strong></span> 
     </span>
     <span class='ocr_line' id='line_1_25' title="bbox 143 2343 1173 2422; baseline 0.001 -17"><span class='ocrx_word' id='word_1_203' title='bbox 143 2352 195 2405; x_wconf 89' lang='lat' dir='ltr'><strong>set.</strong></span> <span class='ocrx_word' id='word_1_204' title='bbox 238 2343 335 2404; x_wconf 84' lang='lat' dir='ltr'><strong>Sibis</strong></span> <span class='ocrx_word' id='word_1_205' title='bbox 356 2345 451 2404; x_wconf 86' lang='lat' dir='ltr'><strong>verbis</strong></span> <span class='ocrx_word' id='word_1_206' title='bbox 472 2347 543 2404; x_wconf 88' lang='lat' dir='ltr'><strong>meis</strong></span> <span class='ocrx_word' id='word_1_207' title='bbox 565 2346 658 2404; x_wconf 91' lang='lat' dir='ltr'><strong>minus</strong></span> <span class='ocrx_word' id='word_1_208' title='bbox 680 2345 785 2420; x_wconf 88' lang='lat' dir='ltr'><strong>credis,</strong></span> <span class='ocrx_word' id='word_1_209' title='bbox 805 2347 949 2422; x_wconf 84' lang='lat' dir='ltr'><strong>interroga</strong></span> <span class='ocrx_word' id='word_1_210' title='bbox 969 2345 1044 2422; x_wconf 90' lang='lat' dir='ltr'><strong>illos,</strong></span> <span class='ocrx_word' id='word_1_211' title='bbox 1065 2346 1173 2419; x_wconf 88' lang='lat' dir='ltr'><strong>adbuc,</strong></span> 
     </span>
     <span class='ocr_line' id='line_1_26' title="bbox 142 2431 1174 2508; baseline 0.002 -18"><span class='ocrx_word' id='word_1_212' title='bbox 142 2440 175 2493; x_wconf 90' lang='lat' dir='ltr'><strong>ut</strong></span> <span class='ocrx_word' id='word_1_213' title='bbox 197 2434 304 2508; x_wconf 91' lang='lat' dir='ltr'><strong>opinor,</strong></span> <span class='ocrx_word' id='word_1_214' title='bbox 325 2433 435 2508; x_wconf 83' lang='lat' dir='ltr'><strong>vivunt,</strong></span> <span class='ocrx_word' id='word_1_215' title='bbox 455 2433 510 2491; x_wconf 84' lang='lat' dir='ltr'><strong>viri</strong></span> <span class='ocrx_word' id='word_1_216' title='bbox 532 2431 655 2508; x_wconf 83' lang='lat' dir='ltr'><strong>religiosi</strong></span> <span class='ocrx_word' id='word_1_217' title='bbox 675 2438 749 2508; x_wconf 89' lang='lat' dir='ltr'><strong>sunt,</strong></span> <span class='ocrx_word' id='word_1_218' title='bbox 770 2448 829 2490; x_wconf 90' lang='lat' dir='ltr'><strong>non</strong></span> <span class='ocrx_word' id='word_1_219' title='bbox 850 2431 902 2490; x_wconf 91' lang='lat' dir='ltr'><strong>tibi</strong></span> <span class='ocrx_word' id='word_1_220' title='bbox 924 2431 1022 2491; x_wconf 92' lang='lat' dir='ltr'><strong>dicent</strong></span> <span class='ocrx_word' id='word_1_221' title='bbox 1042 2435 1098 2494; x_wconf 89' lang='lat' dir='ltr'><strong>nisi</strong></span> <span class='ocrx_word' id='word_1_222' title='bbox 1116 2448 1174 2493; x_wconf 90' lang='lat' dir='ltr'><strong>mc·</strong></span> 
     </span>
     <span class='ocr_line' id='line_1_27' title="bbox 128 2516 1175 2597; baseline 0 -19"><span class='ocrx_word' id='word_1_223' title='bbox 128 2537 204 2578; x_wconf 88' lang='lat' dir='ltr'><strong>-ram</strong></span> <span class='ocrx_word' id='word_1_224' title='bbox 232 2521 390 2578; x_wconf 90' lang='lat' dir='ltr'><strong>veritatem.</strong></span> <span class='ocrx_word' id='word_1_225' title='bbox 432 2518 573 2578; x_wconf 84' lang='lat' dir='ltr'><strong>Diabolus</strong></span> <span class='ocrx_word' id='word_1_226' title='bbox 602 2536 670 2578; x_wconf 90' lang='lat' dir='ltr'><strong>vero</strong></span> <span class='ocrx_word' id='word_1_227' title='bbox 698 2519 882 2595; x_wconf 82' lang='lat' dir='ltr'><strong>praecipienti</strong></span> <span class='ocrx_word' id='word_1_228' title='bbox 910 2518 1067 2597; x_wconf 90' lang='lat' dir='ltr'><strong>obediens,</strong></span> <span class='ocrx_word' id='word_1_229' title='bbox 1094 2526 1124 2581; x_wconf 89' lang='lat' dir='ltr'><strong>et</strong></span> <span class='ocrx_word' id='word_1_230' title='bbox 1140 2516 1175 2578; x_wconf 90' lang='lat' dir='ltr'><strong>ad</strong></span> 
     </span>
     <span class='ocr_line' id='line_1_28' title="bbox 141 2604 1175 2683; baseline 0.002 -18"><span class='ocrx_word' id='word_1_231' title='bbox 141 2609 266 2683; x_wconf 90' lang='lat' dir='ltr'><strong>priorem</strong></span> <span class='ocrx_word' id='word_1_232' title='bbox 287 2608 412 2682; x_wconf 90' lang='lat' dir='ltr'><strong>speciem</strong></span> <span class='ocrx_word' id='word_1_233' title='bbox 432 2605 545 2664; x_wconf 79' lang='lat' dir='ltr'><strong>vrrltnm</strong></span> <span class='ocrx_word' id='word_1_234' title='bbox 564 2604 685 2664; x_wconf 90' lang='lat' dir='ltr'><strong>feminae</strong></span> <span class='ocrx_word' id='word_1_235' title='bbox 707 2605 861 2679; x_wconf 89' lang='lat' dir='ltr'><strong>reducens,</strong></span> <span class='ocrx_word' id='word_1_236' title='bbox 888 2607 930 2664; x_wconf 87' lang='lat' dir='ltr'><strong>ait</strong></span> <span class='ocrx_word' id='word_1_237' title='bbox 949 2604 1078 2667; x_wconf 82' lang='lat' dir='ltr'><strong>Abbati:</strong></span> <span class='ocrx_word' id='word_1_238' title='bbox 1097 2607 1175 2666; x_wconf 84' lang='lat' dir='ltr'><strong>Nun·</strong></span> 
     </span>
    </p>

    <p class='ocr_par' dir='ltr' id='par_1_9' title="bbox 24 2687 1176 3031">
     <span class='ocr_line' id='line_1_29' title="bbox 24 2687 1176 2771; baseline 0.002 -19"><span class='ocrx_word' id='word_1_239' title='bbox 24 2740 27 2745; x_wconf 90' lang='lat'>.</span> <span class='ocrx_word' id='word_1_240' title='bbox 126 2711 230 2769; x_wconf 58' lang='lat' dir='ltr'><strong>’quam</strong></span> <span class='ocrx_word' id='word_1_241' title='bbox 250 2700 311 2753; x_wconf 91' lang='lat' dir='ltr'><strong>tam</strong></span> <span class='ocrx_word' id='word_1_242' title='bbox 326 2691 445 2752; x_wconf 90' lang='lat' dir='ltr'><strong>stultum</strong></span> <span class='ocrx_word' id='word_1_243' title='bbox 460 2699 647 2768; x_wconf 90' lang='lat' dir='ltr'><strong>praeceptum</strong></span> <span class='ocrx_word' id='word_1_244' title='bbox 666 2687 873 2771; x_wconf 54' lang='lat' dir='ltr'><strong>praecepistib.</strong></span> <span class='ocrx_word' id='word_1_245' title='bbox 915 2691 974 2753; x_wconf 85' lang='lat' dir='ltr'><strong>Pro</strong></span> <span class='ocrx_word' id='word_1_246' title='bbox 998 2698 1078 2754; x_wconf 82' lang='lat' dir='ltr'><strong>certo</strong></span> <span class='ocrx_word' id='word_1_247' title='bbox 1098 2695 1176 2768; x_wconf 82' lang='lat' dir='ltr'><strong>scias,</strong></span> 
     </span>
     <span class='ocr_line' id='line_1_30' title="bbox 143 2775 1175 2858; baseline 0 -19"><span class='ocrx_word' id='word_1_248' title='bbox 143 2783 211 2857; x_wconf 90' lang='lat' dir='ltr'><strong>quia</strong></span> <span class='ocrx_word' id='word_1_249' title='bbox 231 2782 256 2840; x_wconf 92' lang='lat' dir='ltr'><strong>si</strong></span> <span class='ocrx_word' id='word_1_250' title='bbox 276 2780 362 2839; x_wconf 89' lang='lat' dir='ltr'><strong>hodie</strong></span> <span class='ocrx_word' id='word_1_251' title='bbox 391 2779 492 2838; x_wconf 88' lang='lat' dir='ltr'><strong>divinis</strong></span> <span class='ocrx_word' id='word_1_252' title='bbox 520 2775 608 2858; x_wconf 86' lang='lat' dir='ltr'><strong>n0n⁷)</strong></span> <span class='ocrx_word' id='word_1_253' title='bbox 635 2781 877 2838; x_wconf 86' lang='lat' dir='ltr'><strong>communicasses</strong></span> <span class='ocrx_word' id='word_1_254' title='bbox 897 2782 1059 2856; x_wconf 86' lang='lat' dir='ltr'><strong>mysteriis,</strong></span> <span class='ocrx_word' id='word_1_255' title='bbox 1085 2779 1175 2839; x_wconf 78' lang='lat' dir='ltr'><strong>nullm</strong></span> 
     </span>
     <span class='ocr_line' id='line_1_31' title="bbox 142 2865 1176 2942; baseline 0.002 -15"><span class='ocrx_word' id='word_1_256' title='bbox 142 2872 270 2927; x_wconf 86' lang='lat' dir='ltr'><strong>vestrum</strong></span> <span class='ocrx_word' id='word_1_257' title='bbox 296 2867 346 2924; x_wconf 93' lang='lat' dir='ltr'><strong>ulli</strong></span> <span class='ocrx_word' id='word_1_258' title='bbox 373 2866 482 2926; x_wconf 90' lang='lat' dir='ltr'><strong>bomini</strong></span> <span class='ocrx_word' id='word_1_259' title='bbox 510 2883 584 2942; x_wconf 89' lang='lat' dir='ltr'><strong>quae</strong></span> <span class='ocrx_word' id='word_1_260' title='bbox 612 2865 697 2925; x_wconf 88' lang='lat' dir='ltr'><strong>bodie</strong></span> <span class='ocrx_word' id='word_1_261' title='bbox 725 2867 817 2929; x_wconf 76' lang='lat' dir='ltr'><strong>vobis·</strong></span> <span class='ocrx_word' id='word_1_262' title='bbox 836 2868 1032 2942; x_wconf 86' lang='lat' dir='ltr'><strong>ingessissem,</strong></span> <span class='ocrx_word' id='word_1_263' title='bbox 1066 2867 1176 2928; x_wconf 77' lang='lat' dir='ltr'><strong>dicere</strong></span> 
     </span>
     <span class='ocr_line' id='line_1_32' title="bbox 142 2951 1176 3031; baseline 0.003 -19"><span class='ocrx_word' id='word_1_264' title='bbox 142 2954 232 3012; x_wconf 77' lang='lat' dir='ltr'><strong>Portas</strong></span> <span class='ocrx_word' id='word_1_265' title='bbox 262 2953 340 3029; x_wconf 93' lang='lat' dir='ltr'><strong>quod</strong></span> <span class='ocrx_word' id='word_1_266' title='bbox 366 2955 457 3028; x_wconf 88' lang='lat' dir='ltr'><strong>possit</strong></span> <span class='ocrx_word' id='word_1_267' title='bbox 484 2970 531 3013; x_wconf 91' lang='lat' dir='ltr'><strong>me</strong></span> <span class='ocrx_word' id='word_1_268' title='bbox 552 2952 638 3021; x_wconf 86' lang='lat' dir='ltr'><strong>homo</strong></span> <span class='ocrx_word' id='word_1_269' title='bbox 660 2952 757 3013; x_wconf 88' lang='lat' dir='ltr'><strong>videre</strong></span> <span class='ocrx_word' id='word_1_270' title='bbox 779 2958 808 3012; x_wconf 91' lang='lat' dir='ltr'><strong>et</strong></span> <span class='ocrx_word' id='word_1_271' title='bbox 827 2951 947 3012; x_wconf 74' lang='lat' dir='ltr'><strong>mucre?</strong></span> <span class='ocrx_word' id='word_1_272' title='bbox 979 2952 1176 3031; x_wconf 80' lang='lat' dir='ltr'><strong>Nequaquam</strong></span> 
     </span>
    </p>

    <p class='ocr_par' dir='ltr' id='par_1_10' title="bbox 19 3039 1177 3377">
     <span class='ocr_line' id='line_1_33' title="bbox 19 3039 1176 3121; baseline 0.002 -23"><span class='ocrx_word' id='word_1_273' title='bbox 19 3067 21 3074; x_wconf 95' lang='lat'>·</span> <span class='ocrx_word' id='word_1_274' title='bbox 141 3039 281 3100; x_wconf 87' lang='lat' dir='ltr'><strong>Homines</strong></span> <span class='ocrx_word' id='word_1_275' title='bbox 312 3042 361 3116; x_wconf 91' lang='lat' dir='ltr'><strong>qui</strong></span> <span class='ocrx_word' id='word_1_276' title='bbox 389 3046 469 3119; x_wconf 67' lang='lat' dir='ltr'><strong>erant</strong></span> <span class='ocrx_word' id='word_1_277' title='bbox 496 3039 611 3099; x_wconf 85' lang='lat' dir='ltr'><strong>inferius</strong></span> <span class='ocrx_word' id='word_1_278' title='bbox 632 3045 845 3115; x_wconf 87' lang='lat' dir='ltr'><strong>exspectantes,</strong></span> <span class='ocrx_word' id='word_1_279' title='bbox 876 3042 1028 3121; x_wconf 86' lang='lat' dir='ltr'><strong>strepitum</strong></span> <span class='ocrx_word' id='word_1_280' title='bbox 1050 3043 1176 3118; x_wconf 88' lang='lat' dir='ltr'><strong>superius</strong></span> 
     </span>
     <span class='ocr_line' id='line_1_34' title="bbox 142 3123 1177 3206; baseline 0 -20"><span class='ocrx_word' id='word_1_281' title='bbox 142 3123 331 3206; x_wconf 79' lang='lat' dir='ltr'><strong>audientes³),</strong></span> <span class='ocrx_word' id='word_1_282' title='bbox 359 3127 563 3202; x_wconf 86' lang='lat' dir='ltr'><strong>ascenderunt,</strong></span> <span class='ocrx_word' id='word_1_283' title='bbox 584 3131 613 3186; x_wconf 90' lang='lat' dir='ltr'><strong>et</strong></span> <span class='ocrx_word' id='word_1_284' title='bbox 639 3144 809 3186; x_wconf 87' lang='lat' dir='ltr'><strong>conversum</strong></span> <span class='ocrx_word' id='word_1_285' title='bbox 839 3142 905 3185; x_wconf 89' lang='lat' dir='ltr'><strong>eum</strong></span> <span class='ocrx_word' id='word_1_286' title='bbox 926 3127 1071 3188; x_wconf 89' lang='lat' dir='ltr'><strong>monacbo</strong></span> <span class='ocrx_word' id='word_1_287' title='bbox 1092 3129 1177 3188; x_wconf 88' lang='lat' dir='ltr'><strong>semi·</strong></span> 
     </span>
     <span class='ocr_line' id='line_1_35' title="bbox 142 3213 1177 3290; baseline 0.003 -18"><span class='ocrx_word' id='word_1_288' title='bbox 142 3220 270 3273; x_wconf 89' lang='lat' dir='ltr'><strong>mortuos</strong></span> <span class='ocrx_word' id='word_1_289' title='bbox 292 3216 474 3290; x_wconf 87' lang='lat' dir='ltr'><strong>reperientes,</strong></span> <span class='ocrx_word' id='word_1_290' title='bbox 494 3231 571 3290; x_wconf 90' lang='lat' dir='ltr'><strong>aqua</strong></span> <span class='ocrx_word' id='word_1_291' title='bbox 592 3213 826 3288; x_wconf 82' lang='lat' dir='ltr'><strong>refocillaverunt,</strong></span> <span class='ocrx_word' id='word_1_292' title='bbox 848 3218 877 3272; x_wconf 90' lang='lat' dir='ltr'><strong>ot</strong></span> <span class='ocrx_word' id='word_1_293' title='bbox 897 3214 970 3272; x_wconf 92' lang='lat' dir='ltr'><strong>inter</strong></span> <span class='ocrx_word' id='word_1_294' title='bbox 992 3232 1097 3275; x_wconf 90' lang='lat' dir='ltr'><strong>manus</strong></span> <span class='ocrx_word' id='word_1_295' title='bbox 1116 3214 1177 3274; x_wconf 87' lang='lat' dir='ltr'><strong>illos</strong></span> 
     </span>
     <span class='ocr_line' id='line_1_36' title="bbox 143 3298 1177 3377; baseline 0.002 -17"><span class='ocrx_word' id='word_1_296' title='bbox 143 3301 372 3376; x_wconf 83' lang='lat' dir='ltr'><strong>deportaverunt</strong></span> <span class='ocrx_word' id='word_1_297' title='bbox 416 3301 498 3361; x_wconf 86' lang='lat' dir='ltr'><strong>Tunc</strong></span> <span class='ocrx_word' id='word_1_298' title='bbox 527 3300 657 3360; x_wconf 90' lang='lat' dir='ltr'><strong>diabolus</strong></span> <span class='ocrx_word' id='word_1_299' title='bbox 690 3301 761 3360; x_wconf 85' lang='lat' dir='ltr'><strong>dixit</strong></span> <span class='ocrx_word' id='word_1_300' title='bbox 786 3298 911 3358; x_wconf 86' lang='lat' dir='ltr'><strong>Abbati:</strong></span> <span class='ocrx_word' id='word_1_301' title='bbox 942 3298 1009 3377; x_wconf 84' lang='lat' dir='ltr'><strong>Quo</strong></span> <span class='ocrx_word' id='word_1_302' title='bbox 1036 3304 1128 3362; x_wconf 91' lang='lat' dir='ltr'><strong>iturus</strong></span> <span class='ocrx_word' id='word_1_303' title='bbox 1147 3317 1177 3361; x_wconf 90' lang='lat' dir='ltr'><strong>es</strong></span> 
     </span>
    </p>
   </div>
   <div class='ocr_carea' id='block_1_2' title="bbox 142 3385 1177 3487">
    <p class='ocr_par' dir='ltr' id='par_1_11' title="bbox 142 3385 1177 3487">
     <span class='ocr_line' id='line_1_37' title="bbox 142 3385 1177 3487; baseline 0 -40"><span class='ocrx_word' id='word_1_304' title='bbox 142 3385 251 3448; x_wconf 85' lang='lat' dir='ltr'><strong>modo?</strong></span> <span class='ocrx_word' id='word_1_305' title='bbox 272 3386 612 3464; x_wconf 88' lang='lat' dir='ltr'><strong>RespondeuteAbbate,</strong></span> <span class='ocrx_word' id='word_1_306' title='bbox 633 3386 852 3464; x_wconf 78' lang='lat' dir='ltr'><strong>Eberbacbum3</strong></span> <span class='ocrx_word' id='word_1_307' title='bbox 874 3387 1022 3448; x_wconf 84' lang='lat' dir='ltr'><strong>subiunxit</strong></span> <span class='ocrx_word' id='word_1_308' title='bbox 1030 3388 1095 3487; x_wconf 88' lang='lat' dir='ltr'><strong>ille:</strong></span> <span class='ocrx_word' id='word_1_309' title='bbox 1115 3388 1177 3466; x_wconf 84' lang='lat' dir='ltr'><strong>Ego</strong></span> 
     </span>
    </p>
   </div>
   <div class='ocr_carea' id='block_1_3' title="bbox 161 3519 1178 3881">
    <p class='ocr_par' dir='ltr' id='par_1_12' title="bbox 161 3519 1178 3881">
     <span class='ocr_line' id='line_1_38' title="bbox 161 3519 1178 3662; baseline 0.002 -19"><span class='ocrx_word' id='word_1_310' title='bbox 161 3524 192 3590; x_wconf 70' lang='lat'><strong>¹³</strong></span> <span class='ocrx_word' id='word_1_311' title='bbox 210 3519 933 3660; x_wconf 57' lang='lat' dir='ltr'><strong>iehierenemetetraebat.</strong></span> <span class='ocrx_word' id='word_1_312' title='bbox 947 3520 1093 3662; x_wconf 57' lang='lat' dir='ltr'><strong>lnce</strong></span> <span class='ocrx_word' id='word_1_313' title='bbox 1110 3522 1178 3645; x_wconf 70' lang='lat' dir='ltr'><strong>ee</strong></span> 
     </span>
     <span class='ocr_line' id='line_1_39' title="bbox 210 3659 1178 3732; baseline 0.005 -19"><span class='ocrx_word' id='word_1_314' title='bbox 210 3662 431 3713; x_wconf 89' lang='lat' dir='ltr'><strong>constantior.</strong></span> <span class='ocrx_word' id='word_1_315' title='bbox 451 3690 482 3700; x_wconf 96' lang='lat'><em>—</em></span> <span class='ocrx_word' id='word_1_316' title='bbox 502 3660 534 3728; x_wconf 87' lang='lat'><strong>5)</strong></span> <span class='ocrx_word' id='word_1_317' title='bbox 552 3660 572 3713; x_wconf 85' lang='lat' dir='ltr'>G</span> <span class='ocrx_word' id='word_1_318' title='bbox 593 3660 695 3713; x_wconf 83' lang='lat' dir='ltr'><strong>simul.</strong></span> <span class='ocrx_word' id='word_1_319' title='bbox 715 3691 746 3701; x_wconf 96' lang='lat'><em>-</em></span> <span class='ocrx_word' id='word_1_320' title='bbox 765 3661 797 3729; x_wconf 84' lang='grc'><strong>6)</strong></span> <span class='ocrx_word' id='word_1_321' title='bbox 814 3659 877 3713; x_wconf 80' lang='lat' dir='ltr'><strong>ACP</strong></span> <span class='ocrx_word' id='word_1_322' title='bbox 894 3662 1040 3714; x_wconf 87' lang='lat' dir='ltr'><strong>iussisti.</strong></span> <span class='ocrx_word' id='word_1_323' title='bbox 1059 3693 1091 3704; x_wconf 93' lang='lat'><em>-</em></span> <span class='ocrx_word' id='word_1_324' title='bbox 1110 3660 1178 3732; x_wconf 74' lang='lat' dir='ltr'><strong>&#39;OG</strong></span> 
     </span>
     <span class='ocr_line' id='line_1_40' title="bbox 211 3728 1178 3799; baseline 0 -16"><span class='ocrx_word' id='word_1_325' title='bbox 211 3732 314 3795; x_wconf 87' lang='lat' dir='ltr'><strong>scias,</strong></span> <span class='ocrx_word' id='word_1_326' title='bbox 330 3732 394 3783; x_wconf 85' lang='lat' dir='ltr'><strong>nisi</strong></span> <span class='ocrx_word' id='word_1_327' title='bbox 411 3728 508 3782; x_wconf 88' lang='lat' dir='ltr'><strong>bodie</strong></span> <span class='ocrx_word' id='word_1_328' title='bbox 526 3729 700 3783; x_wconf 81' lang='lat' dir='ltr'><strong>divinis—</strong></span> <span class='ocrx_word' id='word_1_329' title='bbox 715 3731 747 3799; x_wconf 85' lang='lat'><strong>8)</strong></span> <span class='ocrx_word' id='word_1_330' title='bbox 764 3730 784 3782; x_wconf 89' lang='lat' dir='ltr'>B</span> <span class='ocrx_word' id='word_1_331' title='bbox 802 3731 981 3797; x_wconf 89' lang='lat' dir='ltr'><strong>strepitum</strong></span> <span class='ocrx_word' id='word_1_332' title='bbox 1000 3732 1178 3787; x_wconf 83' lang='lat' dir='ltr'><strong>audientes</strong></span> 
     </span>
     <span class='ocr_line' id='line_1_41' title="bbox 207 3799 989 3881; baseline -0.001 -27"><span class='ocrx_word' id='word_1_333' title='bbox 207 3801 374 3872; x_wconf 86' lang='lat' dir='ltr'><strong>superius,</strong></span> <span class='ocrx_word' id='word_1_334' title='bbox 393 3799 412 3856; x_wconf 81' lang='grc'>0</span> <span class='ocrx_word' id='word_1_335' title='bbox 430 3799 611 3855; x_wconf 86' lang='lat' dir='ltr'><strong>audientes</strong></span> <span class='ocrx_word' id='word_1_336' title='bbox 628 3802 784 3870; x_wconf 84' lang='lat' dir='ltr'><strong>superius</strong></span> <span class='ocrx_word' id='word_1_337' title='bbox 802 3800 989 3881; x_wconf 68' lang='lat' dir='ltr'><strong>strepitum.</strong></span> 
     </span>
    </p>
   </div>
   <div class='ocr_carea' id='block_1_4' title="bbox 0 0 1228 4170">
    <p class='ocr_par' dir='ltr' id='par_1_13' title="bbox 0 0 1228 4170">
     <span class='ocr_line' id='line_1_42' title="bbox 0 0 1228 4170; baseline 0 0"><span class='ocrx_word' id='word_1_338' title='bbox 0 0 1228 4170; x_wconf 95' lang='lat' dir='ltr'><strong> </strong></span> 
     </span>
    </p>
   </div>
  </div>
 </body>
</html>
