2438 4170
94 216 154 275 116
412 212 641 276 nasamone
660 215 810 277 TERTIA

438 352 672 415 carmanum
692 352 783 436 w)

90 476 138 533 De
158 477 287 550 oirpinc,
320 493 413 550 quom
435 477 562 535 doemon
583 481 616 535 in
635 481 728 553 specie
747 479 805 537 oiri
822 475 1029 553 precabatur-5
1056 482 1110 537 im

125 562 161 621 de
181 564 256 635 viro,
279 565 327 620 cui
347 562 425 620 idern
447 564 574 621 daemon
591 571 715 639 peccota
734 565 800 641 fiete
820 563 956 640 cmrfcasa
979 563 1085 639 obiecit

230 655 258 708 et
279 649 314 707 dc
330 650 443 724 puello,
465 654 549 708 cana
570 651 834 726 deoirpinotiortcm
852 652 995 727 prodidit.

154 788 296 863 Tempore
316 787 380 863 illo,
411 806 468 864 quo
490 788 683 849 Scholasticus
707 789 884 849 Coloniensis
907 788 1036 849 Oliverus
1054 806 1105 851 uu·

91 892 154 934 cem
174 875 350 950 praedicavit
376 878 406 933 in
433 877 562 951 partibus
591 876 781 952 Brabantiae,
808 879 883 936 sieut
909 877 980 936 mihi
1003 876 1105 937 nancel

89 962 253 1022 Bemardus
275 962 433 1021 monachus
454 970 558 1037 noster,
580 970 648 1023 tunc
670 966 732 1023 eius
754 963 865 1041 collega
885 966 917 1023 in
937 963 1104 1039 praedicado·

89 1067 142 1123 ne,
170 1049 224 1108 fuit
251 1048 291 1108 ibi
318 1048 415 1124 puelle
445 1051 587 1124 quaedam
603 1046 619 1130 ¹)
642 1051 789 1128 religiosa,
818 1057 848 1110 et
868 1059 940 1111 voto
961 1050 1104 1128 virgarium

89 1136 307 1213 gloriosaorta
328 1136 364 1195 de
385 1135 507 1195 Nivella.
549 1136 685 1196 Invideas
707 1137 838 1197 diabolus
860 1144 960 1197 tantm
974 1136 1101 1213 virtum

89 1226 184 1299 specie
205 1225 258 1282 viri
279 1222 435 1282 admodum
457 1223 568 1298 pulchri
589 1227 716 1299 satisque
745 1225 880 1284 decenter
907 1227 1004 1285 vestiti
1031 1238 1101 1301 opp·

90 1328 156 1370 rens
176 1312 288 1386 virgini,
309 1312 403 1385 coepit
424 1309 502 1368 illam
523 1311 618 1370 verbis
640 1314 784 1370 amatoriis
805 1312 976 1388 sollicitare,
998 1308 1101 1373 ulmo&

90 1398 205 1473 offerre,
234 1397 351 1456 laudare
381 1399 505 1473 cordugii
525 1398 748 1474 fecunditatem,
775 1401 947 1475 virginitatis
967 1401 1100 1475 vitupnm

89 1484 274 1544 sterilitatem.
318 1483 371 1542 Oui
392 1487 482 1560 virgo,
503 1487 633 1544 nesciens
656 1488 720 1560 quis
738 1493 822 1560 esset,
843 1486 1003 1562 respoudit:
1022 1486 1099 1547 Vm

90 1572 194 1631 ducere
215 1589 273 1630 non
294 1587 439 1647 propono,
453 1570 574 1635 ,Christi
602 1590 699 1632 amore
707 1570 729 1653 ²)
750 1575 866 1648 nuptias
895 1566 1022 1633 carnales
1038 1574 1098 1648 ped·

88 1676 165 1736 pono
188 1665 217 1718 et
239 1664 400 1717 contemno.
445 1658 575 1734 Cumque
596 1658 721 1719 lascivus
741 1660 789 1718 ille
810 1663 927 1736 spiritus
948 1662 1029 1720 nimis
1045 1660 1099 1719 ed

88 1750 115 1805 ei
136 1742 359 1826 importunum),
392 1747 421 1802 in
452 1745 569 1805 diversis
598 1746 669 1806 locis
699 1747 736 1806 ad
764 1745 843 1806 illam
871 1750 1002 1822 venians,
1031 1746 1098 1807 sd!

88 1833 185 1908 puella
206 1832 312 1891 multas
338 1849 401 1892 esse
429 1834 553 1909 virgines
582 1850 613 1892 se
641 1834 831 1909 pulchriores,
859 1835 1012 1895 nobiliores
1035 1836 1098 1907 stt!

90 1921 214 1994 ditiores,
237 1922 331 1995 coepit
352 1925 510 1978 amatorem
530 1920 743 1995 phantasticum
763 1921 871 1981 habere
893 1918 1097 1998 suspectumll!

89 2014 121 2066 ut
143 2010 170 2065 ei
191 2007 311 2066 diceret:
342 2005 425 2064 Bone
448 2006 576 2080 domine,
599 2011 663 2082 quis
683 2009 731 2067 vel
752 2007 827 2067 unde
849 2011 927 2084 estis,
949 2008 1024 2085 quod
1040 2008 1097 2067 nrt)

90 2094 158 2152 mihi
191 2092 331 2153 desiderio
362 2093 488 2168 copulari
517 2094 677 2154 affectatis?
729 2095 859 2171 Cumque
886 2096 935 2155 ille'
962 2097 1097 2155 inritum

88 2181 235 2256 proderet,
266 2187 295 2240 et
315 2182 397 2255 virgo
419 2187 499 2239 tanto
520 2185 689 2256 propensius
709 2184 840 2255 instaret,
867 2183 985 2243 tandem
1004 2181 1096 2241 dam

88 2271 259 2328 necessitate
282 2268 454 2342 compulsus
477 2269 623 2326 confessus
645 2276 689 2327 est
710 2269 823 2328 dicensz
852 2270 917 2347 Ego
938 2288 1002 2329 sum
1021 2266 1096 2327 dolo·

89 2355 142 2414 lus.
185 2354 234 2414 Ad
256 2354 333 2429 quod
355 2355 476 2413 verbum
497 2355 544 2413 illa
567 2372 775 2432 expavescens,
805 2357 969 2432 respondit:
995 2355 1032 2416 Ut
1048 2345 1096 2428 qu'll

89 2459 157 2518 crgo
179 2439 301 2520 exigise)
324 2441 437 2500 carnale
460 2445 632 2517 coniugium,
653 2443 731 2518 quod
751 2450 871 2503 natiuae
893 2451 961 2504 tuae
983 2437 1096 2519 ugoni·

89 2538 135 2588 tur
156 2547 219 2589 csse
253 2528 447 2588 contrarium?
490 2528 532 2586 At
541 2526 560 2608 ⁵)
582 2530 644 2588 ille:
674 2530 720 2588 Tu
747 2538 860 2589 tantum
887 2532 958 2590 mihi
983 2522 1095 2595 eousfflffr

89 2618 159 2677 nihil
186 2617 265 2676 aliud
293 2635 312 2676 a
340 2622 369 2675 te
397 2618 451 2674 nisi
480 2616 600 2691 copulae
622 2634 793 2676 consensum
813 2621 936 2693 requiro.
978 2615 1024 2677 Ad
1041 2604 1096 2688 quod

89 2705 186 2781 puella
205 2704 364 2779 respondit:
385 2702 474 2762 Modo
493 2705 607 2762 omniuo
629 2701 709 2784 tibi⁶)
733 2704 913 2781 contradico,
935 2698 1095 2782 fugmsiluo

87 2802 206 2853 metae
228 2794 319 2851 crucis
340 2791 497 2866 signaculo.
539 2791 723 2866 Veniensque
744 2791 783 2850 ed
803 2792 992 2867 sacerdotem,
1009 2782 1095 2848 revelo·

90 2882 130 2939 rit
150 2879 190 2937 illi
219 2878 367 2937 daemonis
393 2877 524 2952 insidias3
556 2895 575 2936 a
604 2895 661 2953 quo
690 2881 760 2937 satis
789 2878 906 2955 edocta,
935 2896 972 2939 ue
997 2874 1095 2948 malim

88 2968 269 3039 arumntiret,
291 2982 406 3023 reuersa
427 2967 521 3022 estin
543 2964 661 3023 domum
681 2983 773 3025 suana
815 2966 950 3026 Daemon
970 2980 1033 3025 vero
1048 2957 1095 3035 poll

88 3054 296 3113 carnicosionem
317 3070 382 3110 eam
404 3055 519 3110 omuino
540 3070 598 3110 uou
620 3051 769 3126 descrens,
800 3052 837 3112 de
863 3060 973 3112 remoto
993 3034 1094 3117 tomffl')
1133 3096 1135 3117 2

87 3139 256 3217 asareem.
276 3142 306 3197 in
326 3146 440 3197 tantum
460 3139 538 3197 illam
560 3142 689 3213 vexarit,
716 3146 749 3199 ut
771 3140 915 3214 quaslibet
934 3131 1094 3199 immundi&
1133 3192 1135 3201 .

88 3230 117 3287 ia
138 3231 200 3287 cius
221 3226 371 3287 scutellam
392 3229 516 3284 mitteret
537 3244 604 3285 curn
624 3225 819 3285 manducaret.
860 3226 946 3287 Unde
971 3232 998 3286 et
1016 3218 1094 3282 mule·

88 3333 151 3375 nun
173 3314 320 3373 mannum
342 3317 369 3371 ci
396 3313 541 3372 adhibitae
569 3328 646 3371 suna
694 3312 730 3371 ln
757 3331 930 3389 quacunque
958 3314 1035 3373 domo
1058 3298 1094 3362 '11¹²

88 3402 149 3477 aa
168 3402 225 3461 illic
244 3401 368 3460 muron
381 3418 520 3475 responsa
541 3399 628 3459 dedit.
660 3398 708 3458 Ab
730 3401 864 3458 omnihus
887 3401 999 3476 quidem
1016 3390 1092 3455 audit·

103 3592 137 3657 'p
154 3588 245 3671 llrmfl
262 3587 282 3639 l.
299 3604 326 3655 p.
346 3587 404 3706 1025.
422 3617 464 3707 ᾗ)
478 3587 507 3643 ll
526 3585 739 3706 Bs.l¹⁸‘;¹'ff
766 3585 898 3667 puellm
911 3586 997 3668 'paulo
1011 3576 1093 3703 mul:

155 3658 452 3794 afflindis
468 3656 717 3791 illitis-‘s
733 3665 1007 3792 ἑὲἑῗῗὲῗῖὝῘ
1022 3717 1048 3786 s)
1061 3705 1092 3765 o

154 3806 211 3851 sis.
231 3826 262 3839 ·-
280 3800 315 3869 0)
330 3796 373 3850 BC
389 3797 450 3849 tibi
472 3798 607 3849 annino.
625 3823 658 3835 -
677 3794 749 3863 UA
766 3802 899 3847 tautum.
