2438 4170
141 121 181 181 aa
440 91 872 180 ursumorrosu'ouunn

139 240 341 302 NOVIOIUS:
369 239 410 301 Ut
440 241 552 317 plenius
573 241 729 317 intelligere
749 241 863 300 valeam
886 242 1060 306 contritionis
1080 241 1158 302 virtu·

140 338 213 404 tem,
241 331 365 404 primum
385 328 455 386 mihi
477 327 564 386 debes
586 345 746 403 exponere,
774 327 843 404 quid
865 331 902 387 sit
923 330 1067 403 contritio,
1094 326 1159 388 undo

142 417 265 490 dicatur,
292 425 387 473 utrum
413 417 500 492 gratis
527 414 706 489 infundatur,
735 432 787 474 seu
815 416 852 474 ab
879 415 994 475 homine
1015 420 1157 489 mereatur,

65 549 67 557 .
140 510 211 578 quot
233 505 289 561 sint
310 505 370 561 eius
391 504 510 577 species,
530 501 578 560 vel
600 501 668 576 quid
690 510 822 577 operetur
842 503 871 560 in
892 510 1052 577 peccatore.
1093 499 1156 561 MO-

139 588 313 648 NACHUS:
348 588 483 647 Contritio
506 595 549 647 est
571 589 662 647 cordis
683 588 854 664 poenitudo,
876 588 984 649 scilicet
995 586 1012 669 ¹)
1035 589 1112 648 dolor
1127 588 1156 648 de

139 678 273 752 peccatis,
294 678 399 751 partim
419 692 538 751 surgens
560 692 595 733 ex
616 678 716 734 timore
731 675 887 752 gehennae,
907 678 1012 751 partim
1029 690 1157 736 examore
1207 678 1211 701 ⁴

139 763 269 822 coelestis
290 765 407 837 patriae.
450 760 652 821 NOVICIUS:
684 763 774 820 Esme
803 762 899 837 aliqua
921 763 1076 823 differentia
1096 765 1155 821 iuter
1209 768 1211 809 ἓ

138 849 350 926 poenitudinem
373 855 402 907 et
428 848 653 925 poenitentiam?
696 847 931 908 MONAGHUS:
960 850 1069 925 Etiam;
1096 864 1154 926 poo-

138 937 236 996 nitudo
260 936 341 995 dolor
363 943 406 994 est
416 933 437 1016 ²)
459 937 588 1008 interior,
620 935 722 994 tollens
745 933 904 1014 culpam³);
926 939 1099 1012 poenitentia
1115 953 1154 996 aa·
1209 992 1211 997 .

138 1025 258 1083 tissactio
282 1025 410 1097 exterior,
430 1025 542 1097 peceati
563 1022 660 1080 delens
681 1040 812 1098 poenam.
856 1020 1059 1083 NOVICIUS:
1087 1023 1155 1099 Quat
1207 1034 1211 1087 t

138 1118 182 1169 cst
203 1110 359 1169 differentia
380 1101 452 1168 inter
473 1109 588 1184 culpam
609 1117 638 1167 et
647 1107 791 1184 poenam?
823 1108 1056 1170 MONACHUS:
1078 1109 1153 1185 Gulpc
1206 1152 1211 1183 ,

138 1204 182 1256 eet
209 1200 303 1273 ipsum
331 1203 497 1272 peccatum3
529 1212 623 1270 poena
633 1191 655 1275 4)
677 1198 836 1271 praemium
863 1200 983 1271 peccati.
1015 1197 1057 1256 'Si
1084 1195 1156 1272 culpa
1198 1186 1211 1211 ⁸

138 1291 182 1343 est
202 1283 336 1358 mortalis,
358 1283 478 1342 debetur
500 1285 599 1357 cipro
621 1287 746 1357 praemio
768 1300 862 1358 poena
884 1290 1002 1342 aeterna
1013 1281 1042 1364 ⁵).
1083 1283 1155 1342 Hanc
1207 1290 1211 1319 ¹

137 1370 218 1429 Deus
238 1388 289 1446 per
311 1371 402 1429 cordis
423 1370 636 1445 poenitudinem
662 1373 691 1428 in
720 1387 844 1445 poenam
866 1374 1005 1429 convertit
1025 1377 1153 1447 tempora·
1206 1374 1211 1441 «j

136 1457 201 1516 lem.
244 1457 347 1533 Hanc,
369 1460 393 1516 si
414 1457 587 1516 insufficiens
608 1457 693 1515 fuerit
714 1459 859 1531 contritio,
880 1457 957 1519 delet
979 1461 1096 1517 exterior
1114 1473 1153 1515 sa·
1208 1466 1211 1471 '

136 1545 266 1604 tissactio.
308 1545 390 1604 Haec
412 1551 456 1604 est
475 1546 664 1619 poenitentia,
694 1546 775 1618 quasi
802 1560 926 1618 poenam
953 1551 1052 1604 tenens
1084 1544 1153 1603 dicta
1208 1540 1211 1551 '

136 1630 340 1691 NOVIOIUS:
361 1631 446 1691 Unde
467 1632 568 1691 dicitur
590 1630 741 1690 contritio?
773 1628 1007 1691 MONAOHUS:
1032 1631 1152 1691 Contritio

136 1719 212 1778 dicta
234 1726 278 1779 est
299 1721 380 1795 quasi
401 1718 485 1777 simul
505 1721 596 1792 trino,
627 1717 805 1793 componitur
831 1723 968 1776 autema
990 1736 1059 1794 con,
1090 1713 1153 1794 quod

137 1813 181 1864 est
201 1805 293 1880 simul,
315 1813 344 1866 et
364 1808 448 1880 tritio,
471 1822 505 1864 eo
528 1805 604 1880 quod
626 1804 661 1862 de
684 1806 816 1864 omnibns
836 1807 962 1879 peccatis
975 1800 995 1885 ⁶)
1019 1823 1068 1867 eor
1083 1801 1154 1865 simul

136 1895 188 1950 teri
210 1891 314 1950 debeat
334 1909 385 1973 per
407 1892 541 1950 dolorem.
586 1890 641 1966 Qui
651 1888 670 1970 ⁷)
694 1892 728 1951 de
749 1898 868 1967 peccato
891 1910 948 1951 uno
965 1892 1050 1968 dolet,
1072 1900 1154 1952 etnou

137 1977 173 2037 de
193 1978 296 2052 altero,
321 1975 540 2056 ·nequaquam⁸)
562 1979 735 2053 conceditur,
757 1978 834 2053 quod
861 1982 892 2036 in
920 1978 1007 2039 corde
1026 1981 1109 2039 huius
1127 1978 1156 2039 dt

137 2067 273 2123 contritio.
316 2065 382 2123 Non
410 2065 496 2123 debet
523 2071 655 2139 peccator
684 2066 809 2124 dividere
839 2066 967 2141 culpam,
1000 2069 1067 2141 quia
1087 2067 1157 2126 Deua

135 2168 192 2210 non
214 2151 313 2210 dividit
332 2151 551 2227 indulgentiam,
574 2152 657 2209 simul
680 2155 754 2211 enim
775 2159 868 2211 totum
882 2153 1008 2212 debitum
1019 2148 1157 2230 dimittit).

19 2300 21 2309 ,
134 2237 336 2298 NOVICIUS:
359 2238 390 2297 Si
411 2238 495 2297 simul
517 2238 720 2297 conterendum
742 2245 786 2298 est
807 2240 842 2298 dc
865 2242 1012 2315 omnibus,
1035 2242 1160 2316 quidest

136 2326 213 2400 qnod
241 2318 395 2383 psalmista
424 2325 504 2406 dicit:
537 2324 662 2383 Lavabo
690 2345 747 2401 per
775 2328 907 2401 stapulas
935 2335 1033 2386 norico
1061 2330 1160 2387 laetum

73 2487 76 2492 ι
135 2431 233 2471 meunt
249 2410 302 2491 ¹⁰)?
344 2412 478 2485 Lectum,
500 2414 573 2470 sicut
603 2413 686 2471 nobis
714 2430 855 2488 exponere
876 2413 951 2472 soles
967 2411 1009 2493 ¹¹),
1042 2415 1162 2495 appellet

136 2501 346 2574 conscientiam,
368 2499 493 2575 singulas
515 2505 613 2557 noctes
636 2500 747 2575 singula
768 2506 895 2574 peccata.
939 2501 970 2559 Si
991 2519 1042 2575 per
1056 2501 1162 2578 singula

135 2587 228 2661 deflet,
249 2592 281 2644 nt
303 2590 343 2645 sic
356 2582 588 2664 interpellatim¹²)
611 2586 771 2662 abluantur,
794 2587 937 2662 quomodo
960 2606 1011 2662 pro
1034 2591 1163 2649 omnibus

52 2716 56 2728 .
134 2674 219 2732 simul
245 2673 417 2732 conteritur‘,>
460 2672 694 2733 MONACHUS:
726 2672 804 2736 Una,
821 2673 907 2732 debet
936 2691 998 2734 esse
1026 2677 1164 2752 generalis

135 2763 273 2833 contritio,
296 2779 369 2835 quae
392 2761 485 2819 deleat
507 2760 638 2835 eulpam,
662 2759 763 2819 deinde
785 2761 912 2837 singnfin,
934 2763 957 2819 si
978 2762 1039 2838 fieri
1059 2769 1164 2838 posset,

133 2847 233 2906 diebus
259 2847 465 2905 lacrimandum
487 2854 563 2906 esset
592 2847 791 2906 eumThaide
821 2848 859 2906 ad
890 2848 1065 2908 abluendam
1092 2867 1165 2926 poe·

132 2951 208 2992 nam.
251 2933 335 2992 Unde
367 2933 504 2993 Ezechias
535 2934 615 2992 dicit:
648 2933 827 3009 necopinato
862 2935 913 2993 tibi
942 2953 1040 2994 omnes
1071 2955 1165 2996 aanor

134 3037 212 3078 meos
243 3024 275 3077 in
304 3021 503 3078 onrnmtadtac
532 3025 649 3078 animae
670 3039 752 3079 meac
769 3018 808 3098 ¹³).
856 3019 1059 3082 NOVIOIUS:
1080 3023 1166 3084 Unde

132 3110 218 3165 oritur
240 3105 391 3164 contritio?
446 3107 642 3165 Infunditurne
664 3111 764 3182 gratis,
797 3107 844 3166 vel
865 3116 989 3167 meretur
1010 3111 1047 3168 ab
1070 3111 1165 3169 homi-

130 3193 188 3253 no?
232 3192 466 3252 MONACHUS:
499 3193 602 3252 Dicam
631 3196 682 3253 tibi
710 3195 778 3270 quid
803 3197 926 3254 maiores
956 3196 991 3254 de
1018 3197 1074 3256 hoc
1096 3216 1165 3257 sen·

152 3344 180 3411 1)
198 3342 218 3395 G
236 3341 284 3393 odd
303 3343 459 3394 cordis.--
475 3345 506 3411 2)
525 3343 545 3396 C
562 3352 609 3394 est
627 3344 766 3395 dolor.—
783 3345 817 3413 ι3)
836 3344 856 3397 C
873 3347 1000 3412 peccati
1018 3349 1164 3399 minuens

199 3413 332 3478 culpam.
350 3443 383 3451 —
402 3413 433 3481 4)
451 3413 471 3465 G
488 3413 536 3464 add
555 3422 612 3464 est.
633 3445 663 3453 -
684 3415 715 3482 5)
733 3413 753 3466 C
770 3416 959 3466 aeternalis.
980 3445 1010 3453 —
1040 3418 1071 3483 6)
1089 3434 1165 3483 pec-

199 3484 279 3532 catis
301 3499 343 3534 om
366 3482 393 3533 G.
414 3513 444 3522 -
471 3483 502 3550 7)
521 3483 541 3536 C
558 3482 606 3534 add
631 3492 744 3535 autern.
764 3513 794 3521 -
820 3484 852 3550 8)
870 3483 889 3535 G
907 3484 956 3535 add
978 3486 1015 3535 ei.
1037 3516 1067 3526 -
1092 3487 1163 3555 9)1)

198 3551 331 3602 dimittit
358 3551 509 3603 debitum.
530 3583 560 3592 -
581 3553 629 3620 10)
647 3552 710 3604 Psal.
730 3553 755 3614 6,
772 3553 796 3602 7.
817 3583 847 3591 —
874 3553 921 3621 11)
940 3556 1005 3605 conf.
1023 3556 1113 3606 Homil.
1132 3558 1162 3608 11.

197 3637 221 3687 ρ.
240 3622 281 3672 46.
305 3622 359 3672 121.
378 3621 463 3674 Moxc
481 3621 639 3689 appellas,
657 3622 675 3673 P
693 3621 911 3687 appellant-
933 3625 979 3690 12)
998 3624 1039 3676 BD
1058 3628 1163 3677 inter-

196 3691 344 3759 polatim3
361 3691 448 3744 rnoxG
465 3694 614 3744 sciantur
631 3690 676 3760 pro
694 3691 876 3744 abluentur.
890 3723 919 3731 —
933 3694 1100 3763 13)1sai.38‚
1120 3699 1161 3754 15.
