2438 4170
99 114 160 174 110
411 111 638 175 DISTINCTIO
660 110 809 175 TERTIA

374 320 640 417 lllSllNGllll
671 322 886 461 ttulit

146 513 274 595 DE
329 512 1060 597 cumnmssluuu

380 683 839 738 *samem-

475 846 707 908 CAPITULUM
727 847 751 906 Ι.

112 971 193 1051 Quid
211 964 249 1031 sit
270 969 421 1048 confessio,
444 971 541 1047 qualis
563 989 622 1030 esse
643 970 753 1046 debeat,
775 988 854 1048 quae
874 973 938 1031 aas
957 972 995 1031 eil
1013 972 1094 1041 evm,

507 1061 572 1134 quis
588 1057 715 1134 fruetus.

158 1179 247 1239 SINE
269 1178 408 1238 desiderio
430 1179 616 1238 confessionis
645 1181 712 1255 quia
724 1174 740 1259 ¹)
761 1179 937 1239 infructuosa
965 1185 1009 1240 est
1032 1176 1106 1238 emm

93 1269 243 1341 contritio,
264 1266 362 1326 videre
385 1265 522 1326 debemus
545 1267 613 1342 quid
634 1269 671 1326 sit
689 1267 847 1342 veeniessim
876 1267 968 1343 qualis
989 1282 1045 1325 esse
1060 1262 1105 1323 da-

93 1355 167 1428 beat,
190 1371 264 1430 quae
286 1356 324 1412 sit
345 1355 404 1412 eius
426 1356 526 1428 virtus,
548 1356 611 1429 quis
632 1354 748 1413 fruetus.
790 1352 991 1414 NOVIGIUS:
1012 1352 1038 1412 Si
1055 1352 1106 1411 ma

91 1444 236 1544 preposite
259 1441 443 1500 confessionis
463 1440 589 1500 informis
611 1447 655 1499 est
686 1443 830 1516 contritio,
862 1442 1047 1501 necessarium
1068 1438 1107 1497 ast

90 1530 163 1588 seire
184 1531 248 1603 ista,
269 1530 388 1587 noviciis
410 1530 541 1602 maxime,
563 1530 611 1603 qui
632 1545 699 1587 mox
720 1534 787 1603 post
808 1530 1021 1588 conversionem
1036 1536 1105 1585 snam

91 1617 187 1675 omnia
207 1621 347 1692 peecata,
370 1632 444 1691 quae
467 1617 676 1689 commiserunt,
696 1621 828 1674 tenentur
848 1614 959 1675 Abbati
978 1630 1028 1673 sue
1045 1626 1105 1673 tau·
1143 1642 1146 1673 ι

90 1702 178 1762 fiteri·
211 1705 285 1762 sieut
312 1720 376 1760 sum
405 1719 423 1760 a
450 1707 479 1761 te
511 1701 644 1778 edoctus,
673 1708 702 1760 et
728 1705 759 1761 in
786 1705 954 1779 memetipso
983 1703 1105 1804 expum-
1143 1684 1146 1777 l

90 1788 326 1849 MONACHUS:
349 1787 425 1848 Cenf
423 1791 496 1848 essie
518 1795 629 1848 tantum
650 1791 759 1849 bonum
781 1795 832 1864 est,
853 1796 886 1849 ut
906 1789 967 1849 sele
989 1790 1043 1857 eius
1059 1782 1146 1849 de*

90 1876 201 1951 siderio,
224 1878 335 1936 etiamsi
356 1878 511 1941 necessitas
533 1882 580 1936 aet
581 1895 630 1934 um
641 1874 662 1956 ²)
685 1875 826 1951 excludat,
847 1883 967 1952 peeeata
977 1875 1105 1935 dimittan-

90 1970 145 2023 tur.
188 1962 272 2023 Unde
293 1963 446 2022 Psalmisia
468 1962 550 2022 dicit:
585 1965 677 2023 Dixi:
708 1962 872 2040 Conviteber
900 1965 1069 2027 adversm
1063 1970 1105 2017 md

90 2054 249 2111 iniustitias
271 2069 351 2108 meas
372 2051 522 2125 Domia03
551 2057 578 2109 et
608 2058 641 2109 tu
661 2055 797 2110 sananti
816 2054 993 2127 impietatem
1007 2040 1106 2125 pm&
1143 2082 1146 2131 l

89 2134 187 2215 ηκὶ3).
229 2136 306 2209 Dixi,
327 2137 424 2195 idt
380 2143 432 2211 est,
455 2137 618 2196 deliberavi.
660 2135 862 2198 NOVICIUS:
892 2138 968 2215 Quid
988 2143 1028 2197 est
1043 2146 1105 2193 een-

88 2223 197 2284 fessio?
240 2223 480 2284 MONACHUS:
502 2224 581 2284 Scire
603 2225 700 2299 debes,
721 2225 861 2299 triplicem
882 2242 946 2284 esse
968 2220 1106 2284 aedesio·

89 2330 164 2385 nem,
185 2311 287 2385 laudis,
304 2310 383 2386 fidei,
405 2313 527 2370 criminis
538 2308 569 2390 3)
612 2310 658 2369 De
681 2312 858 2371 confessione
879 2312 971 2371 laudis
991 2308 1106 2371 Salvator

89 2402 117 2459 iu
139 2399 297 2476 Evangelio
321 2398 402 2457 dieii·
442 2397 587 2475 Confiteor
610 2398 675 2470 tibi,
703 2400 814 2473 Pater,
842 2400 972 2458 Domine
1001 2395 1060 2457 coeli
1077 2391 1106 2446 ei

90 2483 228 2559 arrae)
270 2485 317 2544 De
341 2486 516 2545 confessione
539 2485 606 2545 fidei
628 2486 696 2544 dicit
716 2484 889 2561 Apostolus.
914 2485 1005 2545 Corde
1024 2476 1105 2541 aedi·

90 2574 376 2646 terminantium,
400 2591 450 2631 ove
472 2581 572 2632 autem
594 2573 735 2648 confessio
754 2574 788 2649 fit
810 2573 851 2631 ad
871 2574 995 2632 salutem
1002 2567 1031 2649 3).
1060 2563 1105 2623 De

89 2662 265 2721 consessione
287 2678 355 2720 vero
378 2661 501 2719 criminis
523 2663 563 2718 ait
583 2659 741 2736 Apostolus
761 2659 910 2720 Jaeebusv
942 2645 1105 2735 001stth

89 2750 200 2807 alterni
189 2755 269 2806 trum
299 2754 424 2822 peecata
452 2754 566 2819 vestra,
596 2755 631 2806 ut
658 2744 851 2824 salsevniai)
903 2746 1016 2805 Initium
1039 2738 1104 2801 enim

88 2836 212 2893 iustitiae
234 2835 373 2893 consessio
396 2841 580 2908 peecatorum
603 2840 653 2893 est
696 2833 779 2894 Unde
800 2836 938 2910 seriptum
959 2826 1103 2893 estinhtto

88 2921 349 2981 Maeliabaeerum:
378 2921 479 2980 Judes
502 2922 659 2996 praecedet
685 2938 737 2980 ves
764 2925 796 2979 in
825 2921 933 2980 bellem
940 2913 979 2998 3),
1003 2918 1030 2977 id
1051 2911 1101 2977 este

89 3010 238 3067 eoivl'essiu
282 3008 429 3067 Confessio
457 3010 580 3067 criminis
609 3016 665 3083 est,
694 3025 745 3082 per
773 3025 859 3084 quam
887 3008 978 3067 latens
1007 3003 1100 3063 animae
1144 3004 1146 3009 ’

88 3096 206 3157 nierlvus
227 3092 367 3171 aperitur,
393 3111 445 3169 spe
473 3097 575 3154 veniae
605 3094 830 3170 consequendae.
872 3094 954 3154 Haee
974 3082 1099 3162 multiplex
1144 3136 1146 3143 .

89 3200 152 3243 esse
174 3182 269 3257 debet,
291 3182 466 3256 voluntaria,
487 3178 662 3262 testinata⁹),
684 3181 789 3256 debita,
809 3180 979 3256 verecunda,
997 3183 1146 3281 generi·

82 3264 129 3345 lis,
151 3269 292 3346 specialis,
314 3226 504 3343 individualis,
525 3269 640 3344 nuda,
631 3289 659 3328 m
661 3275 757 3346 tegra,
778 3224 916 3342 discreta,
937 3250 1146 3327 aeeusawfilv'

87 3375 194 3433 maara,
215 3356 345 3431 sollicita,
367 3356 543 3431 meticulosa,
565 3374 641 3431 vera,
662 3358 850 3429 aestimativa,
871 3355 974 3430 hilaris,
996 3341 1146 3428 proprii,
1144 3334 1146 3397 l

106 3492 136 3561 l)
154 3491 174 3545 (l
191 3490 241 3543 add
260 3490 394 3543 inutilis
416 3499 508 3542 et.-
478 3491 560 3560 -2J
578 3491 645 3542 llll
638 3507 740 3559 ipsum
764 3499 928 3542 actum.-
947 3489 977 3556 3)
993 3480 1047 3539 t‘nl·
1061 3468 1094 3529 3¹

156 3564 182 3613 5.
203 3591 233 3601 -
262 3561 293 3630 4)
313 3560 354 3613 Bl)
374 3568 406 3611 et
429 3562 586 3612 criminis.
607 3590 637 3600 -
665 3560 697 3628 5)
715 3559 802 3611 llattlx.
822 3561 862 3621 11,
880 3560 922 3612 25.
941 3589 971 3599 -
997 3556 1025 3623 6)
1038 3548 1092 3621 RQ·

158 3632 199 3697 10,
219 3632 260 3683 πο.
279 3661 311 3670 -
329 3631 361 3698 7)
378 3630 430 3682 sac.
449 3633 474 3696 5,
494 3633 534 3684 16.
554 3661 587 3670 -
605 3630 638 3699 s)
655 3629 734 3683 naen.
752 3630 772 3695 1,
789 3630 815 3695 a,
832 3630 920 3684 ss-
937 3621 1093 3699 mutans
1143 3626 1146 3697 4

153 3718 205 3768 aa,
223 3700 265 3755 hic
282 3709 309 3754 et
326 3701 399 3754 inira.
1143 3712 1146 3781 Ι
