2438 4170
87 224 149 284 aso
400 220 627 285 orsnmmro
649 220 799 301 oumrs

3 380 6 385 -
85 347 163 405 intus
184 342 380 422 suggerendo,
403 352 434 405 et
459 344 527 405 foris
555 352 636 405 mour
664 345 792 422 corporis
811 342 852 405 ad
877 358 1004 405 amorem
1032 349 1191 405 suntal

84 431 165 493 illum
186 430 397 491 inflammando.
444 432 527 508 Quae
548 449 614 493 cum
633 449 686 508 per
698 431 803 491 multas
824 432 903 492 vices
923 431 980 492 hoo
999 433 1192 492 adase

86 527 146 594 set,
174 521 267 578 victure
294 520 422 593 invenis,
449 518 569 596 digitum
602 523 701 579 corruo
728 517 848 578 anulum
876 526 957 579 extra
984 517 1193 579 manuni

85 607 219 683 porrexit,
241 623 327 682 quem
346 605 397 666 illa
417 623 485 665 mox
506 623 558 682 per
580 605 702 666 eundem
723 605 844 682 digitum
865 604 1027 679 exnmcnr,
1045 604 1194 688 nos?

86 710 174 768 quam
196 694 362 768 comparuit
405 692 498 769 Capta
524 692 646 769 praeda,
676 698 834 752 conventus
855 690 1065 769 malignantium
1081 688 1196 750 spuo

84 780 225 839 turbinem
253 779 411 839 resolvitm.
459 779 507 842 Fit
539 779 647 840 clamor
678 785 708 839 et
738 781 873 854 strepitus
906 776 1095 857 discipulorum
1108 775 1197 831 θ’

83 869 208 927 mourut
234 868 384 943 magister,
414 865 449 926 de
478 873 562 942 raptu
591 867 716 926 consocii
731 861 748 944 ¹)
772 882 871 926 omnes
903 858 1200 942 conqueruntuffl·

85 951 197 1030 Quibus
217 952 265 1013 ille
287 953 445 1029 respondit:
466 953 530 1030 Ego
551 954 613 1012 sine
635 969 724 1013 causa
740 969 811 1028 sum,
833 968 887 1013 vos
909 969 956 1012 me
979 943 1202 1030 aarum&

86 1039 150 1117 Ego
172 1040 255 1098 vobis
276 1039 482 1116 praedixeram,
503 1057 560 1100 non
582 1056 648 1099 eum
669 1038 774 1100 amodo
786 1038 930 1099 videbitis.
972 1038 1021 1099 Ad
1040 1011 1204 1115 caroffi?d

84 1125 139 1187 illi:
165 1126 227 1185 Nisi
258 1128 341 1187 nobis
369 1129 502 1187 restituas
541 1125 621 1186 illum
633 1122 670 1205 ²),
696 1125 896 1186 interficiemus
923 1131 962 1187 tc.
1003 1117 1206 1185 limena)

84 1220 181 1273 tamen
194 1210 214 1292 3)
237 1216 313 1274 ritae
334 1231 413 1289 suae,
433 1217 528 1274 sciens
547 1213 706 1274 Bauwaros
728 1230 791 1273 essa
807 1212 939 1288 tunosos,
960 1210 1141 1289 respondit:
1194 1206 1206 1248 ·³

84 1299 148 1378 Ego
171 1292 297 1376 tentabo,
319 1303 343 1359 si
364 1318 431 1376 apes
452 1301 548 1377 aliqua
568 1302 605 1371 ¹sit
627 1299 663 1360 de
683 1300 741 1359 illo.
767 1300 943 1375 vocansque
963 1293 1205 1376 principenss

86 1385 309 1461 daemoniorum,
330 1386 414 1447 fidele
425 1405 509 1447 suum
530 1386 764 1447 ministeriumad
781 1388 951 1446 memoriam
972 1386 1013 1446 illi
1032 1393 1204 1446 ravo-2

85 1491 169 1548 rans,
191 1472 272 1548 dixit,
295 1473 459 1550 disciplinae
481 1475 542 1534 eius
563 1474 685 1533 multum
707 1490 769 1534 essa
791 1472 1005 1550 derogandum,
1032 1468 1202 1549 seque&

83 1578 103 1621 a
125 1559 268 1636 discipulis
297 1560 499 1637 occidendum,
527 1563 581 1621 nisi
600 1562 710 1621 iuvenis
731 1563 936 1623 restitueretur.
983 1559 1036 1620 Oui
1055 1559 1115 1620 dia·
1127 1570 1198 1595 Α

12 1642 14 1651 “
85 1647 169 1707 bolus
191 1648 358 1723 cbmpassus
385 1648 545 1725 respondit:
574 1646 705 1708 Crastino
735 1647 886 1708 concilium
896 1644 919 1727 ι)
947 1653 1064 1724 proptor
1087 1652 1114 1706 to

83 1735 113 1793 in
134 1734 184 1794 tali
204 1735 269 1795 loco
291 1734 451 1810 celebrabo,
479 1741 511 1794 tu
534 1742 595 1795 esto
616 1751 761 1812 praesens,
789 1739 818 1795 et
835 1736 860 1794 si
880 1733 979 1811 aliquo
991 1732 1012 1815 ⁶)
1033 1732 1115 1793 rnodo

84 1820 165 1880 illum
186 1839 238 1897 per
259 1824 429 1882 sententiam
450 1822 578 1882 obtinere
598 1824 715 1899 poteris,
740 1827 855 1899 gratum
875 1820 1001 1881 habebo.
1045 1818 1116 1898 Quid

86 1906 189 1983 plura?
211 1908 259 1967 Ad
281 1911 429 1984 imperium
450 1911 584 1986 principis
599 1908 750 1970 concilium
763 1908 981 1985 malignantium
1003 1910 1116 1986 cogitur.

85 1993 132 2054 De
154 1995 288 2055 violentia
309 1998 338 2055 in
360 1995 529 2072 discipulum
550 1995 627 2056 facta
647 1998 782 2072 magister
793 1989 814 2075 ⁶)
838 1998 1029 2070 conqueritur.
1070 1993 1139 2054 Alt-

86 2080 249 2140 adversario
271 2082 471 2158 respondetur:
500 2082 633 2158 Domine,
653 2084 752 2159 inquit,
773 2098 830 2141 non
852 2081 893 2140 illi
906 2082 962 2142 leci
982 2082 1116 2155 iniuriam,

86 2184 144 2226 non
166 2168 342 2244 violentiam,
371 2173 507 2246 magistro
537 2187 590 2229 suo
617 2168 785 2229 inobediens
805 2170 872 2245 fuit,
901 2168 997 2246 legem
1025 2167 1116 2228 circui

85 2271 144 2313 uon
166 2254 326 2315 custodivit.
368 2256 403 2314 In
422 2257 499 2316 hunc
512 2256 630 2315 modum
650 2256 704 2315 illis
722 2255 969 2332 contendentibus,
991 2255 1116 2316 diabolus

86 2339 254 2401 daemonem
276 2342 419 2419 quandam
440 2345 494 2403 sibi
508 2343 700 2404 collateralem
720 2342 755 2403 de
769 2345 911 2402 sententia
927 2344 1116 2421 interrogavit,

87 2427 199 2489 dicens:
222 2427 335 2489 Olivere
348 2427 376 2509 ⁷),
399 2447 511 2506 semper
533 2430 644 2490 curialis
665 2431 750 2505 fuisti
775 2435 874 2490 conns
894 2431 1034 2490 iustitiam
1053 2446 1117 2506 per·

86 2532 186 2574 sonam
208 2533 266 2574 non
287 2519 402 2595 accipis,
426 2518 506 2577 solve
528 2520 724 2593 quaestionem
745 2517 830 2576 huius
851 2516 928 2575 litis·
960 2515 1117 2594 Respondit

85 2603 149 2661 ille:
178 2603 241 2680 Ego
273 2605 406 2664 iuvenem
433 2604 639 2664 restituendum
672 2621 734 2664 esse
761 2604 856 2663 iudico
888 2606 1028 2680 magistro
1059 2619 1116 2663 sno.

85 2689 213 2767 Moxque
241 2689 279 2749 ad
300 2690 496 2751 adversarium
517 2707 688 2767 conversus,
722 2693 777 2750 ait:
804 2689 905 2750 Redde
930 2690 1026 2767 illum,
1055 2692 1117 2767 quia

18 2838 22 2845 ,
86 2779 168 2836 nimis
205 2778 230 2837 ei
261 2780 438 2855 importunus
471 2774 591 2857 fuistiss).
649 2777 757 2838 Ceteris
788 2779 947 2837 sententiae
981 2781 1042 2838 eius
1070 2794 1116 2837 as·
1210 2828 1213 2833 .

86 2881 202 2923 sensum
216 2866 427 2940 praebentibus,
445 2863 482 2923 ad
504 2863 672 2924 mandatum
693 2864 793 2924 iudicis
816 2863 918 2924 eadem
939 2864 1013 2925 hora
1034 2863 1116 2925 scho-

85 2950 153 3010 laris
188 2951 225 3009 ab
258 2951 352 3011 inseris
379 2952 540 3027 reducitur,
571 2954 708 3027 magistro
743 2968 796 3011 suo
833 2953 1007 3027 restituitur,
1051 2968 1117 3011 con·

87 3037 182 3096 cilium
204 3037 335 3113 solvitur,
368 3038 406 3097 ad
428 3038 582 3114 discipulos
604 3038 722 3098 reducta
742 3038 849 3114 praeda
871 3040 1010 3115 magister
1030 3038 1117 3098 laetru

86 3127 243 3183 revertitur.
287 3124 374 3184 Cuius
395 3126 491 3185 vultus
505 3129 546 3184 ita
568 3132 629 3184 erat
649 3143 745 3185 macer
767 3131 795 3185 et
806 3124 938 3201 pallidus,
962 3125 1041 3185 color
1061 3133 1117 3186 tam

86 3214 259 3286 immutatus,
279 3218 312 3270 ut
333 3213 403 3272 hora
425 3212 526 3272 eadem
548 3229 567 3272 a
588 3212 739 3288 sepulchro
760 3212 903 3272 videretur
925 3215 1118 3272 resuscitatus.

88 3297 143 3374 Qui
165 3301 248 3356 sociis
270 3298 347 3375 apud
367 3299 472 3359 inferos
500 3297 595 3379 visae)
618 3302 755 3375 recitans,
783 3317 869 3375 quam
890 3298 957 3359 Deo
980 3301 1119 3359 contraria

106 3450 136 3516 1]
154 3448 174 3500 B
192 3459 218 3500 et
235 3449 292 3517 prG
310 3452 400 3502 socii.
421 3481 451 3490 -
480 3452 511 3519 2]
530 3449 550 3502 B
575 3451 637 3501 nisi
662 3452 825 3503 restituas
848 3448 944 3511 nobis
973 3450 1075 3515 illurn,
1099 3451 1119 3505 G

156 3521 219 3570 nisi
246 3535 312 3570 eum
340 3521 435 3571 nobis
461 3522 637 3583 restituas,
656 3520 673 3571 l'
691 3521 754 3571 nisi
780 3519 1070 3573 nobis'restituas.
1088 3549 1117 3561 -

155 3591 186 3656 3]
205 3589 224 3641 G
242 3588 376 3641 tandem.
396 3619 427 3628 -
446 3592 478 3658 4)
496 3589 537 3642 Bc
555 3590 743 3654 consilium3
762 3591 798 3641 sic
815 3597 841 3641 et
857 3590 931 3641 inira.
951 3620 983 3630 —
1003 3591 1035 3659 5)
1052 3591 1073 3643 ll
1090 3592 1118 3642 iu

155 3659 274 3727 aliquo.
295 3689 325 3698 -
354 3661 385 3726 6)
403 3659 518 3712 acuta
541 3664 708 3726 magistro.
728 3689 759 3699 -
787 3660 818 3727 7)
836 3661 902 3711 coni.
921 3660 987 3712 inira
1005 3677 1061 3730 esp.
1079 3638 1118 3713 δῦ.

158 3759 186 3768 -
206 3731 238 3799 8)
258 3729 277 3784 C
295 3731 500 3797 importunus
518 3729 615 3780 fuisti
639 3732 683 3794 ei,
701 3729 722 3782 ll
740 3731 946 3797 importunus
972 3732 1002 3782 oi
1019 3731 1118 3783 luisti.

157 3831 185 3839 -
206 3802 238 3869 9)
255 3799 296 3853 BG
313 3801 383 3853 visu
401 3799 482 3868 apud
500 3799 632 3852 inferos.
