2438 4170
90 243 153 304 asc
405 240 633 306 parmeno
655 240 808 322 comm

447 397 681 461 CAPITULUM
716 398 770 460 VL

224 503 273 562 De
295 500 462 564 cumeneo
483 504 637 578 monacho,
660 507 712 581 qui
734 504 894 564 doemones
914 502 993 565 cidit

153 638 189 699 In
209 639 423 702 Hemmenrode
449 641 583 703 sacerdos
612 641 728 718 quidam
754 640 927 702 venerabilis
947 639 983 702 sd
1001 654 1095 700 unvu-

90 727 200 788 sionem
220 730 314 803 venit,
345 731 460 788 nomine
483 735 512 788 et
533 746 618 805 opere
641 728 827 788 Christianus.
869 727 946 788 Huic
973 726 1093 789 daemones
1129 764 1134 777 ·

89 812 213 874 multnrn
238 816 392 891 importuni
419 816 532 876 fuemnt
547 813 578 897 ¹),
611 821 641 875 et
668 833 755 892 saepe
781 815 846 875 illos
875 815 947 876 vidit
972 821 1023 874 tam
1044 818 1090 873 ant

90 903 305 962 conversionem
327 920 414 978 quam
434 909 509 979 post
550 901 646 962 Huius
674 908 803 979 tempore
831 901 905 961 alter
925 901 1029 979 quidun
1044 915 1089 959 sae·

90 986 194 1049 cularis
215 989 364 1064 sacerdos,
392 992 507 1048 nomine
527 989 667 1065 Karolus,
695 992 724 1049 in
753 989 856 1049 eodem
879 989 1009 1050 coenobio
1025 987 1089 1046 uem

91 1081 135 1136 cst
154 1077 301 1151 novicius,
330 1082 359 1136 ct
380 1083 441 1136 erat
469 1079 531 1136 eius
558 1078 588 1135 in
615 1077 785 1152 probatione
814 1077 911 1136 socius
931 1076 1007 1135 Prior
1022 1078 1089 1133 nuuc

10 1213 14 1219 .
89 1160 319 1243 Ysenbardus2).
360 1162 417 1223 Hic
437 1165 573 1224 instinctu
594 1162 713 1238 diaboli,
744 1165 823 1223 cuius
845 1163 962 1223 consilio
982 1162 1089 1230 utebatur,

89 1247 175 1326 gulae
197 1256 227 1309 et
247 1252 339 1310 carnis
360 1267 431 1310 suae
453 1250 609 1310 commodis
630 1252 714 1310 nimis
736 1253 931 1325 consentiens,
950 1248 1090 1308 infirmitates

90 1338 204 1411 saepius
225 1336 382 1396 simulavit:
404 1336 478 1413 pede
500 1336 681 1412 claudicavit,
701 1337 775 1397 lecto
800 1336 945 1396 decubuit
983 1335 1030 1412 Qui
1046 1346 1090 1392 cnm

90 1425 201 1499 positus
221 1425 251 1482 in
271 1423 445 1484 infirmitorio
458 1421 479 1505 ³)
508 1429 620 1483 tantum
649 1441 764 1484 carnem
784 1426 920 1498 nutriret,
950 1429 980 1483 et
997 1421 1091 1499 spirim

90 1508 260 1586 negligeret,
281 1511 391 1570 vadens
412 1509 461 1570 vel
480 1511 592 1570 rediens
614 1509 650 1570 de
671 1513 784 1587 privata
805 1528 872 1571 cum
894 1507 1093 1581 claudicaretct
1145 1530 1149 1587 p

90 1599 120 1656 ln
134 1599 286 1672 coquinam
298 1598 484 1673 respiciendo,
506 1614 581 1673 quae
602 1598 641 1657 ibi
655 1603 894 1674 praepararentur
914 1596 1031 1672 infirmis,
1044 1608 1092 1653 eon·
1146 1608 1149 1613 ·

90 1683 241 1760 sideraret,
267 1685 430 1760 praedictus
452 1681 656 1765 Christianus‘)
679 1684 825 1745 diabolum
847 1700 915 1744 eum
942 1685 1018 1760 sequi
1033 1677 1095 1750 vidit,

91 1773 141 1846 qui
163 1787 197 1831 eo
225 1771 312 1831 modo
339 1777 399 1847 qno
425 1771 473 1830 ille
495 1770 721 1844 claudicaverat,
754 1773 865 1847 etipse
887 1768 1097 1844 claudicavitct

90 1860 165 1917 sicut
184 1859 392 1934 introspexerat
411 1860 591 1934 introspexit,
611 1861 642 1917 in
662 1858 741 1916 nullo
763 1858 801 1918 ab
821 1857 898 1916 illius
918 1858 1040 1935 gestibus
1058 1853 1098 1914 du·

91 1961 220 2020 crepans.
262 1945 393 2004 Tandem
413 1945 485 2004 inira
506 1963 612 2004 aunum
633 1946 809 2021 probationis
832 1944 976 2021 deficiens,
995 1954 1101 2004 reversus

91 2037 135 2091 est
146 2031 185 2091 ad
199 2031 269 2091 ollas
281 2031 417 2109 Aegypti,
438 2039 467 2091 ct
488 2023 588 2092 secuta
599 2038 642 2091 cst
663 2049 729 2092 caro
742 2050 864 2091 carnem.
876 2065 918 2074 —-
929 2023 1103 2109 Fratn‘bnssd

88 2116 218 2177 laborem
238 2125 304 2195 post
317 2118 481 2195 Capitulum
500 2121 678 2194 praeparatis
690 2116 720 2199 ⁵),
742 2137 808 2178 cum
824 2124 934 2178 starent
956 2121 1029 2179 circa
1041 2114 1105 2177 audl-

90 2208 202 2279 torium,
224 2214 252 2264 et
274 2212 471 2281 exspectarent
492 2206 608 2265 tabulae
629 2209 849 2280 percussionem,
872 2212 1024 2281 essentque
1039 2202 1108 2280 atqu

91 2309 127 2351 ex
148 2294 189 2350 eis
209 2295 319 2352 remissi
340 2311 391 2368 per
413 2297 533 2353 otiosam
555 2297 700 2369 signorum
723 2292 1028 2369 consignificationem,
1054 2289 1111 2350 vidit

90 2380 134 2437 vir
154 2378 202 2437 ille
223 2381 326 2438 beatus
348 2387 438 2439 cattos
460 2380 544 2439 foeda
566 2380 691 2455 quadam
712 2380 862 2439 adustione
881 2380 1048 2454 maculatos,
1065 2382 1112 2437 ino

89 2466 144 2525 sub
167 2483 263 2524 eorum
278 2470 373 2542 specie
391 2467 553 2541 daemones,
576 2467 731 2526 caudarum
749 2484 865 2525 suarum
878 2469 1005 2527 motibus
1020 2466 1114 2527 eisden

89 2553 218 2627 blandiri,
232 2560 261 2612 et
272 2555 440 2613 continuatis
451 2556 561 2613 vicibus
573 2558 723 2629 corporum
733 2571 850 2612 suorum
861 2549 1116 2629 compressionibus,

88 2642 118 2700 in
138 2643 252 2717 signum
273 2641 478 2715 familiaritatis,
498 2641 561 2700 illos
585 2641 753 2700 demulcere.
785 2641 844 2699 Eos
866 2657 936 2699 vero
960 2644 1010 2717 qui
1031 2642 1116 2719 gravi-

88 2734 177 2788 tatem
199 2746 282 2787 suam
295 2730 457 2802 servabant,
477 2745 531 2787 nec
545 2731 684 2804 respicere
706 2727 822 2803 quidem
840 2727 996 2788 audebant.
1015 2728 1118 2786 —Die

89 2815 214 2889 quadam
236 2833 301 2875 cum
323 2817 458 2874 orationis
485 2817 577 2890 gratia
602 2822 669 2876 ante
691 2814 837 2888 quoddam
858 2831 890 2873 se
912 2809 1037 2895 altare⁶)
1058 2831 1118 2892 pro·

88 2904 244 2976 stravisset,
266 2902 396 2961 diabolus
418 2904 447 2959 in
468 2902 604 2960 bufonem
625 2903 797 2976 maximum,
819 2901 856 2960 ad
878 2903 969 2960 instar
988 2901 1118 2978 gallinae,

89 3005 120 3046 se
145 2989 364 3064 transsormans,
392 2994 458 3047 ante
481 2990 540 3047 eius
569 3005 619 3046 ora
646 2989 759 3047 resedit.
814 2988 878 3063 Quo
907 2991 971 3047 viso
1000 2991 1118 3061 territus,

88 3074 153 3133 ilico
171 3078 290 3135 surrexit
312 3082 340 3134 et
360 3077 441 3152 fugit,
461 3074 533 3134 hora
554 3075 655 3134 eadem
677 3075 758 3144 dolos
780 3074 887 3134 diaboli
907 3077 1003 3135 minus
1027 3077 1118 3136 obser-

88 3178 169 3220 vans.
210 3160 413 3222 NOVICIUS:
441 3162 582 3222 Videntur
602 3162 671 3220 milri
692 3169 750 3222 tres
779 3165 850 3221 istae
871 3164 1000 3222 visiones
1028 3170 1119 3223 conus

88 3249 142 3305 tria
162 3249 232 3307 vitia
252 3252 321 3307 satis
344 3267 407 3308 esse
427 3252 621 3325 necessariae;
640 3251 735 3325 prima
757 3255 856 3308 coutm
867 3252 972 3308 vitium
984 3250 1118 3326 gulosita

88 3335 139 3408 tis,
170 3335 296 3394 secunda
325 3343 423 3395 contra
450 3338 551 3395 vitium
579 3338 727 3410 vanitatis,
759 3339 842 3394 tertia
870 3343 971 3396 contra
999 3337 1119 3396 taedium

88 3421 196 3480 orandi.
237 3421 471 3483 MONACHUS:
500 3423 582 3483 Licet
610 3441 668 3483 non
689 3423 854 3496 videamus,
884 3422 1018 3483 diabolus
1039 3438 1118 3498 saepe

105 3607 197 3677 1)Βο
214 3618 310 3661 erant.
329 3639 362 3648 -
388 3611 420 3678 2)
437 3610 479 3663 BC
496 3610 741 3674 Ysenbrsndus3
769 3611 806 3663 sic
832 3617 858 3661 ct
884 3609 950 3662 infra
968 3609 1021 3674 Xl,
1048 3608 1072 3661 3.
1089 3636 1116 3647 -

155 3679 187 3746 3]
205 3679 225 3731 Β
243 3678 474 3732 infirmatorio.
493 3710 526 3718 -
552 3681 584 3748 4)
602 3681 666 3734 ΑΒΡ
683 3680 899 3747 praedictum,
921 3682 1018 3732 omisso
1036 3678 1118 3733 chri-

156 3748 293 3800 stianus.
314 3778 344 3788 -
374 3749 404 3816 5)
422 3749 464 3802 BG
490 3750 650 3802 fratribus
676 3757 751 3818 post
776 3749 962 3817 Capitulum
988 3762 1118 3818 praepr-

155 3819 239 3871 ratis
265 3818 303 3871 ud
330 3817 482 3871 laborem.
502 3849 533 3859 -
553 3820 585 3888 6)
602 3820 666 3874 BCl)
683 3819 791 3872 altare
817 3835 856 3872 se.
