2460 4162
143 176 183 290 98
447 225 676 289 Dlsumouro
699 225 884 289 SECUNDA

144 368 231 425 quam
244 355 358 425 cogeret
370 349 496 424 puellam
508 345 524 428 ¹)
545 351 727 425 baptizatam,
744 352 883 426 virginem
898 348 1011 408 Christo
1026 349 1169 426 consigne-

142 444 202 496 tam
232 443 261 495 et
286 439 315 494 in
337 436 472 512 religione
493 436 667 510 Christiana,
690 439 775 496 etiam
797 455 885 511 supra
903 442 1043 510 aetatem,
1065 436 1171 497 ferron·

143 530 210 598 tem,
232 523 271 582 ad
280 522 434 583 Judaieam
455 523 546 583 redire
567 523 724 599 perfidiam.
757 522 959 583 NOVICIUS:
981 522 1047 582 Hoe
1070 520 1174 583 etmihi

141 609 262 668 videtur.
305 609 539 669 MONACHUS:
564 609 694 670 Occurrit
715 611 784 669 mihi
805 610 872 670 huie
894 609 1025 685 exemplo
1047 609 1128 669 aliud
1141 624 1177 669 ex

140 705 221 772 parte
234 694 254 777 ²)
278 697 376 771 simile,
400 697 435 756 de
458 698 584 772 quodam
604 697 693 756 milite
715 697 861 771 saeculari,
882 699 924 755 ita
943 703 977 755 ut
999 714 1034 756 ex
1051 699 1178 772 ipsosuo

140 785 215 843 faeto
245 784 408 859 saepedicto
438 784 571 843 Pontifici
600 785 770 860 exprobrare
798 784 930 845 videatur
961 787 1105 845 sententia
1131 783 1180 843 illa

139 871 319 947 prophetica:
341 870 496 944 manaa,
519 871 620 944 Sidon,
643 875 687 930 ait
708 890 799 929 more.
809 867 830 950 ³)

475 1061 708 1122 CAPITULUM
728 1062 846 1122 XXVI.

397 1185 445 1243 De
463 1186 565 1260 puelia
592 1189 625 1243 tn
645 1185 736 1242 Linea
758 1184 931 1259 baptizata.-

203 1323 238 1380 In
260 1322 329 1381 villa
349 1323 433 1381 nobis
454 1325 556 1397 vicina,
580 1320 780 1403 quaeLinsef)
804 1322 913 1395 dieitur,
934 1317 1005 1379 infra
1018 1321 1075 1380 hoe
1090 1323 1185 1381 trien·

139 1412 218 1467 ninnr
240 1409 382 1484 quaedam
404 1410 500 1485 puella
521 1410 627 1468 Judaei
650 1410 798 1468 cuiusdam
819 1409 885 1484 filia,
906 1410 1040 1483 baptismi
1062 1407 1186 1468 deside·

139 1499 180 1554 rio
204 1495 338 1554 divinitus
360 1513 497 1570 aceensa,
536 1497 573 1555 ad
602 1496 746 1571 quandam
778 1497 911 1555 feminam
943 1495 1072 1554 eiusdem
1094 1488 1186 1555 rdine

139 1586 225 1657 verrit,
248 1591 276 1642 et
298 1586 365 1658 quia
386 1584 522 1658 baptizari
543 1583 638 1658 vellet,
661 1587 729 1642 satis
745 1583 908 1659 simplieiter
924 1583 1074 1640 intimarit
1127 1581 1187 1661 Cui

139 1672 257 1729 suasum
279 1677 322 1729 est
344 1689 362 1728 a
383 1671 509 1745 muliere,
530 1678 562 1729 ut
585 1670 750 1729 Conradum
771 1671 889 1727 militem
911 1668 1020 1743 adiret,
1040 1662 1185 1728 voiunta-

138 1766 253 1832 temque
285 1775 365 1815 snam
396 1764 558 1832 exponeret.
608 1757 693 1832 Quod
722 1775 787 1815 eum
815 1758 942 1830 fecisset,
976 1755 1024 1814 illo
1058 1758 1186 1831 gavisus

139 1844 244 1919 valde,
266 1845 408 1919 pollicitus
432 1851 490 1919 est,
512 1847 580 1919 qnia
602 1847 628 1903 ei
651 1844 783 1918 oonsilio,
812 1843 932 1917 auxilio,
960 1841 1009 1901 vel
1029 1842 1186 1918 temporati

140 1932 267 1990 siriasidio
296 1931 458 1989 nullatenus
496 1931 615 1989 deesset.
665 1931 723 1989 Die
753 1930 868 2005 quando
897 1928 1072 2003 baptizanda
1105 1936 1187 2005 erat,

141 2017 209 2075 dixit
231 2017 268 2075 ad
291 2018 421 2075 militem:
444 2017 576 2091 Domine,
599 2023 749 2091 procurate
771 2034 807 2075 ne
829 2016 926 2075 videat
948 2034 993 2074 me
1005 2022 1088 2090 pater
1098 2033 1187 2075 maus

140 2104 213 2161 infra
235 2104 290 2161 hoe
312 2105 444 2177 triduum,
467 2109 535 2178 quia
556 2105 580 2161 si
602 2105 639 2162 ab
663 2122 696 2163 eo
715 2105 875 2179 visafuero,
896 2110 977 2161 tanta
987 2105 1040 2160 soit
1049 2099 1078 2181 ⁵),
1103 2102 1187 2178 qnod

139 2193 241 2248 iterum
264 2192 405 2264 oportebit
426 2208 472 2249 nre
495 2191 586 2249 redire
608 2190 646 2248 ad
667 2190 858 2249 Judaismum.
890 2190 980 2248 Positi
994 2194 1067 2262 sunt,
1089 2189 1186 2251 milite

142 2285 321 2352 procurante,
345 2279 420 2334 eirea
442 2280 607 2336 cimiterium
629 2278 758 2336 homines
769 2280 879 2351 armati,
901 2280 949 2351 qui
966 2272 1021 2356 et⁶)
1033 2274 1186 2335 Judaeum

142 2371 273 2422 vetarent
293 2367 412 2437 intrare,
445 2371 477 2421 ut
486 2361 504 2443 ⁷)
527 2365 623 2439 puella
645 2381 743 2423 secure
764 2371 862 2439 posset
882 2366 998 2421 introire
1019 2365 1081 2420 sire
1103 2365 1185 2423 exire

141 2453 202 2509 sine
223 2451 298 2508 itlius
319 2449 567 2525 contemplatione.
609 2450 785 2509 Procurante
799 2451 872 2524 Deo,
894 2452 1040 2525 baptizata
1061 2455 1106 2508 est
1118 2451 1185 2509 vir·

141 2555 192 2613 go,
223 2544 251 2597 et
280 2544 384 2596 vocata
411 2535 484 2617 esto)
512 2538 670 2596 Elizabetb.
714 2538 818 2596 Paucis
849 2539 950 2596 diebus
982 2537 1086 2611 eiapsrs
1114 2544 1185 2612 post

140 2626 323 2700 baptismum,
346 2628 468 2683 occurrit
489 2628 515 2684 ei
537 2632 628 2684 mater
648 2624 789 2698 infidelis,
811 2631 839 2684 et
862 2627 915 2682 ait:
937 2624 1020 2682 Bona
1041 2622 1110 2697 filia,
1130 2641 1184 2683 re-

140 2720 249 2771 vertere
277 2712 314 2769 ad
336 2711 527 2771 Judaismurn.
570 2712 730 2786 Respondit
757 2711 820 2769 illa:
849 2711 915 2769 Non
943 2727 1076 2784 possum,
1112 2713 1185 2785 quia

141 2797 303 2857 Christiana
324 2817 388 2857 snrn
410 2801 519 2858 effecta.
563 2799 645 2858 Tune
668 2806 773 2856 mater:
795 2798 858 2873 Ego
880 2798 954 2855 bene
976 2798 1027 2854 tibi
1049 2796 1184 2856 auferam

140 2886 323 2960 baptismum.
367 2886 475 2944 Valens
497 2885 593 2961 puella
614 2887 737 2961 probare
760 2885 828 2959 qnid
850 2891 940 2942 mater
962 2884 1055 2943 eiicere
1075 2882 1184 2959 veliet,

139 2973 301 3046 respondit:
325 2973 476 3046 Quomodo
499 2974 554 3030 boe
575 2971 705 3031 faceres?
748 2972 820 3047 Ego,
842 2974 933 3045 inquit
942 2970 1065 3044 iudaea,
1087 2971 1183 3030 tribus

138 3060 250 3117 uicibus
273 3066 300 3116 te
323 3077 435 3116 sursum
457 3059 570 3117 traham
591 3060 790 3135 perforamen
812 3058 939 3131 latrinae,
961 3061 1059 3132 sieque
1080 3073 1182 3116 rema-

139 3147 218 3203 nebit
238 3147 277 3202 ibi
301 3147 390 3203 virtus
412 3148 546 3220 baptismi
568 3149 617 3203 tui.
667 3145 751 3221 Quod
781 3147 901 3203 verbum
929 3144 1025 3219 puella
1057 3143 1183 3203 audens

138 3239 167 3291 et
190 3248 348 3305 exsecrans,
372 3239 471 3290 eontra
493 3240 613 3291 matrem
635 3235 718 3307 spuit,
740 3232 850 3307 fugiens
873 3232 910 3289 ab
922 3231 979 3288 illa.
1008 3229 1181 3289 l'raedietus

137 3318 227 3392 miles,
251 3337 316 3377 euru
338 3321 374 3375 sit
395 3325 489 3377 aetate
512 3322 639 3393 iuvenis,
660 3336 713 3377 nee
735 3326 832 3378 tarnen
854 3318 974 3376 multum
997 3317 1095 3390 diros,
1117 3319 1181 3375 rir-

138 3408 233 3482 ginern
256 3406 319 3463 loeo
342 3405 416 3464 filiae
438 3408 533 3480 nutrit,
555 3406 655 3465 volens
677 3406 755 3464 iilam
776 3405 887 3464 tradere
911 3408 981 3478 viro,
1002 3403 1048 3462 rel
1069 3405 1099 3460 in
1122 3403 1181 3462 uli-

155 3591 433 3660 1)BCrirginen1.
454 3620 484 3630 -
505 3591 666 3658 2)0mihi
689 3600 720 3642 et
745 3590 833 3641 atiud
854 3590 1029 3656 exemplum
1049 3589 1122 3639 huic
1141 3606 1180 3640 ex

205 3670 307 3728 parte.
327 3690 357 3703 -
378 3661 409 3728 3)
428 3661 484 3712 lsai.
503 3662 546 3724 23,
563 3664 588 3711 4.
609 3692 639 3701 -
668 3662 700 3730 4)
718 3661 737 3711 Ρ
755 3661 864 3723 Linze;
892 3660 967 3727 paulo
987 3668 1042 3725 post
1060 3658 1080 3709 G
1098 3669 1180 3710 ante

206 3732 273 3783 hoc.
294 3760 324 3771 -
345 3728 523 3797 5JCcerta
551 3746 624 3782 surr.
645 3760 675 3770 -
701 3732 732 3798 6)
750 3739 782 3781 et
805 3745 846 3782 om
864 3730 891 3782 P.
911 3760 941 3769 --
970 3730 1002 3797 7)
1020 3728 1064 3781 At)
1082 3737 1123 3779 et.
1146 3759 1177 3768 —

204 3802 236 3869 8)
255 3810 304 3852 est
322 3799 370 3851 add
389 3798 438 3852 Cf).
