2460 4162
135 113 175 174 96
434 112 569 175 DISTIN
570 111 662 175 OTIO
676 112 860 175 SECUNDA

132 234 186 295 tali
207 233 305 294 ordine
328 251 466 296 conversa
494 243 538 296 est
558 236 596 296 ad
617 236 712 297 fidem.
757 236 881 296 Clericus
903 234 1020 312 quidam
1040 233 1210 295 Rencrufl

133 325 257 396 nomine,
280 323 443 397 capellanus
458 324 550 383 Ducis
571 323 719 384 Lovaniae
737 320 762 403 ¹),
784 323 884 382 solitus
907 329 969 382 erat
988 326 1094 383 intrare
1115 318 1205 381 do-

136 427 216 469 mum
236 407 344 468 Judaci
365 410 492 469 eiusdem
521 413 658 486 civitatis,
688 417 717 470 et
744 411 888 486 disputare
911 428 977 469 cum
999 426 1034 469 eo
1056 408 1094 469 de
1113 400 1201 469 fide

139 495 307 555 Christiana.
349 496 487 557 Habebat
507 504 604 556 autom
626 497 714 556 tiliam
734 497 899 573 parvulam,
922 514 1004 575 quae·
1018 496 1104 557 valde
1129 489 1198 551 di-

135 582 256 659 ligenter
276 584 443 643 intendebat
464 585 661 660 disputationi,
694 584 851 644 seeundum
873 586 1062 660 capacitatem
1086 572 1197 641 intel·

135 668 227 729 lectus
248 672 294 728 sui
312 671 474 745 ponderans
495 679 555 729 tam
576 672 671 729 verba
688 670 780 731 clerici
793 673 962 747 opponentis
974 688 1062 746 quam
1082 664 1196 729 verba

133 755 240 816 Judaei
261 758 466 832 respondentis.
509 757 614 832 Sicque
641 761 746 817 sensim
773 776 824 833 per
853 758 979 817 divinam
1006 756 1194 833 dispositio-

133 861 201 903 nem
230 844 411 903 imbuebatur
440 844 477 903 ad
505 844 592 904 fidem
621 844 799 904 catholicam.
842 844 935 904 Suasa
964 847 1050 903 etiam
1072 862 1091 903 a
1112 840 1211 904 ele·-

134 932 202 1005 rico,
223 939 331 990 secrete
354 939 458 1007 tamen,
480 934 601 991 contrita
623 935 714 991 estin
737 938 856 1006 tantum,
878 938 909 989 ut
926 931 1032 991 diceret
1053 920 1194 991 revelle

134 1018 282 1093 baptizari.
324 1017 463 1077 Adhibita
485 1025 528 1077 est
550 1022 575 1077 ci
597 1019 704 1092 mulier,
727 1036 801 1094 quae
823 1021 883 1077 sine
905 1018 1116 1094 notapuellam
1143 1006 1193 1105 diff

135 1103 221 1163 domo
249 1107 337 1179 patris
370 1105 511 1165 educeret.
555 1106 648 1180 Quam
676 1105 795 1164 clericus
824 1107 883 1163 iam
912 1105 1005 1163 dictus
1034 1106 1194 1181 baptizari

134 1191 216 1266 fecit3
236 1208 356 1265 eamque
370 1194 399 1249 in
414 1195 584 1250 monasterio
601 1191 705 1251 ordinis
721 1191 923 1265 cisterciensis,
941 1192 1019 1267 quod
1031 1192 1151 1251 Parcus
1167 1173 1192 1257 ²)

136 1277 257 1351 dicitur,
278 1277 392 1357 locavit.
427 1277 548 1353 Cognita
572 1282 632 1337 eius
650 1281 851 1352 conversione,
872 1286 953 1353 pater
974 1278 1097 1338 infidelis
1117 1275 1195 1337 (10·

135 1363 197 1438 luit,
218 1364 337 1423 multam
358 1367 510 1440 pecuniam
526 1366 646 1424 offerens
668 1365 752 1439 Duci‚
775 1373 915 1440 quatenus
937 1365 992 1424 sibi
1012 1352 1197 1425 restitueret

135 1451 230 1526 filiam,
254 1469 341 1525 quam
361 1452 463 1511 furtive
479 1452 706 1526 conquerebatur
727 1453 814 1511 fuisse
829 1451 980 1510 sublatam.
1011 1451 1083 1511 Dux
1103 1448 1199 1511 ve1⁰

137 1555 203 1599 cum
225 1538 311 1598 vellet
331 1542 406 1614 patri
426 1542 575 1599 restituere
596 1538 692 1613 filiam,
713 1538 827 1599 Judaeo
851 1538 958 1598 scilicet
973 1538 1202 1599 dunstanum

136 1628 238 1685 restitit
260 1628 286 1684 ei
306 1623 483 1706 Walterus³)
507 1626 641 1701 clericus,
664 1626 775 1685 dicens:
796 1626 935 1699 Domine,
956 1628 981 1684 si
1002 1625 1058 1686 hoc
1079 1618 1205 1687 scel¹¹⁸

138 1714 335 1772 commiseritis
358 1720 456 1773 contra
476 1714 574 1772 Deum
596 1720 624 1772 et
646 1730 781 1789 sponsam
803 1715 877 1787 cius,
905 1729 1052 1786 nunquam
1073 1712 1206 1773 satra·

137 1800 214 1859 bitur
234 1803 330 1859 anima
351 1808 456 1860 vestra.
497 1800 613 1859 Restitit
641 1803 667 1860 ei
693 1806 722 1859 et
750 1799 880 1858 dominus
901 1799 1048 1859 Walterus
1069 1790 1210 1861 Abbffl

137 1886 313 1945 Vilariensis.
356 1887 465 1946 Videris
486 1885 618 1946 Judaeus
640 1904 671 1945 se
692 1887 858 1945 bustratum
881 1903 941 1961 spe,
963 1904 1051 1960 quam
1071 1866 1211 1947 habalit

138 1989 206 2048 erga
223 1972 345 2048 Ducem,
367 1976 525 2048 corrupisse
548 1973 649 2032 dicitur
671 1973 817 2032 dominum
830 1972 985 2049 Hugonem
996 1964 1211 2051 Episcopuss‘

137 2058 334 2117 Leodionsem.
379 2059 434 2134 Qui
461 2058 575 2137 Judaeo
607 2062 636 2117 in
664 2066 776 2118 tantum
802 2060 932 2133 favebat,
958 2065 991 2117 ut
1020 2038 1204 2121 conventus

137 2146 397 2205 sanctimonialium
426 2146 461 2205 de
482 2146 575 2205 Pareo
596 2146 683 2205 literis
705 2150 764 2206 suis
786 2147 948 2221 mandaret,
971 2154 1116 2220 quatenns
1135 2126 1205 2207 illi

138 2232 226 2291 filiam
255 2235 444 2292 restituerent.
486 2232 627 2292 Veniente
656 2250 725 2293 vero
757 2232 873 2293 Judaeo
902 2233 940 2292 ad
967 2235 1026 2291 iam
1054 2216 1186 2301 iatum‘)

138 2320 308 2379 coenobium
336 2336 401 2378 cum
430 2322 528 2379 amicis
551 2327 579 2379 ct
601 2323 729 2397 cognatis
756 2323 830 2395 suis,
858 2323 938 2396 virgo
966 2320 1038 2380 inira
1065 2318 1180 2381 consti*

138 2413 209 2480 tuta,
232 2424 298 2466 cum
314 2405 349 2465 dc
361 2407 474 2465 illorum
495 2407 621 2466 adventu
642 2424 758 2483 prorsus
779 2407 819 2465 nil
841 2410 932 2482 sciret,
954 2409 1058 2468 sentire
1080 2407 1177 2486 coepit

137 2493 276 2553 foetorem
290 2511 440 2570 magnum,
461 2496 501 2551 ita
522 2501 554 2552 ut
567 2494 664 2570 palam
679 2494 798 2553 diceret:
820 2495 924 2553 Nescio
946 2494 1023 2553 unde
1044 2497 1090 2570 sit,
1112 2496 1173 2557 loe·

138 2587 183 2639 tor
212 2579 351 2639 Juduicus
373 2599 419 2640 me
433 2588 543 2657 gravat
586 2581 704 2640 Interim
725 2579 846 2640 Judacis
867 2580 1048 2656 pulsantibus
1069 2582 1110 2641 ad
1131 2583 1172 2643 lo·

137 2674 280 2742 noemam,
310 2685 375 2726 cum
396 2668 508 2744 puellae
531 2668 637 2727 diceret
656 2666 822 2742 Abbatissa,
843 2673 875 2726 ut
895 2674 981 2742 puto:
1013 2668 1087 2727 Filia
1109 2669 1172 2729 Ka·

138 2754 258 2828 therina,
279 2757 320 2813 sic
343 2757 418 2814 enim
435 2762 539 2816 vocata
559 2754 611 2813 fuit
633 2757 661 2813 in
683 2756 834 2831 baptismo,
856 2765 988 2829 parentes
1010 2757 1052 2813 tui
1072 2756 1174 2817 volunt

138 2848 168 2901 te
196 2841 309 2918 videre3
338 2842 484 2917 respondit
510 2843 572 2901 illa:
601 2841 678 2902 Ecce
705 2845 759 2901 iste
781 2849 825 2900 est
856 2843 948 2901 foetor
975 2858 1061 2916 quem
1089 2842 1174 2903 sensi.

139 2927 204 2986 Non
226 2927 332 2986 ridebo
351 2928 425 2987 illos.
468 2928 505 2987 Et
533 2947 591 2988 non
621 2932 764 3004 acquievit
786 2931 870 2987 exiro.
912 2928 998 2986 Anno
1020 2930 1174 3003 praeterito

138 3021 289 3073 accusatus
317 3015 369 3073 luit
396 3015 472 3074 idem
498 3016 657 3091 Episcopus
683 3016 849 3075 Leodionsis
877 3033 929 3091 pro
963 3015 1063 3074 eadem
1085 3032 1176 3077 causa

140 3118 237 3161 coram
266 3101 380 3160 domino
407 3103 573 3179 Engilbcrto
601 3102 826 3179 Arelricpiscopo
850 3102 984 3161 Coloniae
1006 3104 1033 3160 in
1055 3101 1176 3179 Synodo

139 3189 209 3262 eius,
231 3194 259 3247 et
279 3196 463 3264 praeceptum
485 3190 538 3248 iuit
560 3192 594 3264 ei,
622 3205 658 3248 ne
680 3189 715 3249 de
738 3197 831 3250 cetero
854 3189 1019 3271 molestaret
1038 3188 1177 3265 supradi-

139 3281 218 3334 ctum
240 3276 409 3334 coenobium
435 3293 487 3351 pro
512 3277 608 3353 puella
629 3278 780 3353 baptizata
824 3277 905 3336 Tunc
934 3276 1049 3352 quidem
1079 3277 1177 3336 subti-

139 3364 206 3437 cuit,
227 3361 278 3421 sed
300 3379 357 3422 non
372 3363 507 3423 obedivit
549 3364 656 3423 Postea
676 3381 744 3423 vero
766 3364 852 3423 literis
874 3366 932 3422 suia
953 3363 1080 3439 puellum
1101 3366 1178 3424 cita-

158 3546 190 3617 1)
207 3547 246 3600 BP
264 3548 410 3601 Lovanii.
430 3579 460 3589 ·-
479 3550 511 3618 2)
529 3550 622 3602 Parcus
640 3550 808 3612 Dominarum,
830 3548 858 3600 lc
876 3548 955 3601 Pare
972 3564 1032 3600 aux
1049 3548 1178 3611 Danaes,

208 3617 309 3670 abbatia
326 3618 419 3671 Galliac
437 3634 517 3688 prope
538 3620 636 3689 Crerpy
659 3624 716 3674 sita.
736 3649 766 3662 —
786 3620 819 3688 3)
836 3619 855 3672 P
878 3619 1028 3672 Renerus.
1049 3648 1079 3660 —
1104 3619 1178 3689 ¹00

210 3689 269 3740 ism
287 3688 473 3756 praelatum.
