2460 4162
401 225 456 285 DE
479 224 765 287 OONVERSIONE.
870 287 877 300 ,
1056 229 1096 286 47

51 348 142 408 litate
169 347 292 422 servire,
324 363 412 424 quam
440 353 556 425 propter
584 365 682 408 sacros
710 347 826 429 ordines
850 346 898 408 vel
924 346 1100 408 literaturam

54 435 164 496 ceteris
184 451 326 511 praeesse.
368 435 434 494 Hoc
456 438 524 510 quia
545 438 658 510 saepius
680 437 710 493 in
732 434 830 494 ordine
851 438 984 511 contigit,
1004 437 1045 495 ita
1067 442 1100 494 ut

56 522 98 582 de
121 523 268 582 conversis
289 521 390 580 fierent
410 521 553 596 monachi,
580 528 646 581 ante
667 521 721 581 hos
743 528 865 596 quatuor
886 539 984 597 annos,
1005 540 1041 582 ne
1064 521 1100 582 de

56 615 159 670 cetero
180 608 262 668 fieret
278 604 303 688 ¹),
325 608 475 667 diffinitum
497 614 540 667 est
560 611 590 666 in
602 607 733 683 Capitulo
756 607 890 685 generali,
910 609 1099 669 uttalimodo

57 697 198 757 conversi
223 700 373 754 manerent
405 698 479 754 inter
514 711 675 754 conversos.
728 694 840 755 Eodem
874 711 949 754 anno
984 695 1101 770 quidam

56 779 191 856 veniens,
212 787 245 841 ut
266 788 337 857 puto
358 782 514 856 Diaconus,
534 781 641 840 laicum
662 780 693 841 se
715 782 860 856 simulans,
879 784 909 840 in
931 798 1100 841 conversum

56 875 217 944 susceptus
239 875 290 927 est
335 868 422 927 Cuius
443 868 544 928 Abbas
567 885 634 927 cum
653 865 802 947 postea2),
834 870 930 928 nescio
953 886 1010 944 quo
1031 886 1101 945 pro·
1156 892 1159 899 ¹

57 956 167 1030 dente,
188 954 300 1015 ordines
320 955 518 1029 intellexisset,
550 957 731 1030 insequenti
753 955 884 1030 Capitulo
908 973 1007 1014 casum
1029 972 1101 1014 eun-

57 1042 133 1102 dem
144 1039 166 1121 ³)
187 1045 344 1118 proposuit.
386 1042 424 1100 Et
452 1045 520 1117 quia
549 1044 616 1100 viris
645 1041 773 1101 discretis
802 1042 954 1102 videbatur
986 1045 1100 1101 omnino

57 1129 239 1204 absurdum,
266 1135 300 1187 ut
321 1131 384 1203 quis
404 1133 434 1187 in
455 1135 515 1187 tam
537 1127 650 1186 sublimi
672 1129 769 1188 ordine
790 1132 915 1204 positus,
941 1129 1015 1188 foret
1041 1132 1101 1188 sine

59 1217 232 1278 charactere
255 1232 376 1275 coronae
399 1222 428 1276 et
449 1218 508 1274 sine
524 1232 670 1274 sacrorum
680 1216 811 1274 ordinum
822 1218 1012 1290 exsecutione,
1034 1233 1101 1274 sen-

57 1305 188 1365 tentiam
208 1308 398 1362 mutaverunt.
441 1301 643 1361 NOVICIUS:
676 1303 742 1362 Non
770 1304 863 1377 miror,
887 1304 911 1362 si
943 1303 1030 1377 aliqui
1052 1319 1102 1362 ce-

57 1392 128 1451 lant
137 1386 162 1468 ¹)
184 1407 250 1448 suos
273 1389 386 1447 ordines
406 1391 436 1447 in
458 1392 651 1463 conversione,
674 1407 739 1448 cum
760 1389 889 1466 legamus
909 1392 1009 1465 priscis
1026 1395 1102 1448 tem-

56 1477 185 1557 poribus
206 1476 324 1536 seminas
334 1473 364 1555 ⁵),
390 1482 423 1533 ut
443 1476 496 1534 fuit
516 1478 604 1535 beata
617 1476 747 1553 Eugenia
769 1482 797 1535 et
817 1474 945 1555 sancta⁶)
968 1475 1102 1550 Euphro-

56 1580 141 1642 syna
164 1569 249 1639 atque
271 1564 358 1622 beata
378 1561 509 1637 Mariua,
541 1563 603 1621 nelo
626 1565 817 1622 conversionis
830 1561 849 1642 ⁷)
872 1580 972 1621 sexum
993 1563 1103 1621 virilem
1167 1584 1173 1593 ·

56 1648 227 1713 simulare.
243 1648 491 1709 -MONAoHUs
514 1649 590 1724 Quid
611 1649 667 1708 hoc
688 1652 796 1708 miraris
810 1650 918 1708 factum
927 1651 1103 1724 temporibus

55 1739 185 1817 priscis,
218 1754 283 1796 cum
310 1738 460 1795 recentiori
479 1734 640 1816 tempore¹)
662 1739 692 1794 in
715 1736 812 1795 ordine
832 1739 1104 1811 nostrocontigisse

55 1820 216 1887 sciamus?
258 1821 461 1882 NOVICIUS:
493 1823 559 1882 Hoc
592 1825 723 1882 omnibus
752 1823 843 1881 modis
865 1825 936 1882 scire
959 1822 1104 1896 desidero,

57 1909 205 1971 videlicet
225 1927 244 1968 a
265 1926 323 1984 qua
343 1926 474 1984 persona,
495 1910 553 1984 ubi,
574 1909 623 1969 vel
644 1909 788 1985 quomodo
810 1916 870 1969 tam
883 1909 1018 1968 mirabilis
1028 1909 1104 1968 facta

54 2001 104 2060 sit
126 1998 286 2056 conversio.
328 1994 563 2056 MONACHUS:
585 1997 714 2071 Femina,
737 1996 772 2056 de
795 2014 853 2072 qua
874 1997 999 2056 dicturus
1021 2014 1105 2071 sum,

56 2101 145 2162 quae
168 2083 266 2156 luerit,
287 2083 335 2141 vel
357 2082 500 2158 quomodo
523 2083 561 2142 ad
583 2083 709 2143 ordinem
730 2087 853 2159 venerit,
886 2101 937 2142 seu
960 2083 1104 2159 quomodo

54 2176 93 2233 in
118 2168 222 2229 ordine
241 2169 333 2244 fuerit,
354 2169 401 2228 vel
412 2167 432 2249 ⁹)
457 2174 703 2245 consummaverit,
724 2173 798 2230 sicut
818 2172 901 2230 nobis
923 2171 1018 2230 rotulit
1040 2188 1105 2230 mo-

55 2256 183 2320 nachus
205 2255 336 2331 quidam,
368 2258 416 2331 qui
446 2275 512 2315 cum
539 2274 573 2316 ea
600 2260 728 2317 novicius
754 2258 847 2326 iuerat
871 2260 901 2316 in
921 2259 1105 2334 probatione,

54 2344 128 2405 fida
151 2343 205 2403 tibi
226 2343 352 2418 pandam
373 2343 517 2403 relatione.

355 2499 356 2504 ‘
427 2531 660 2594 carrubium
685 2534 751 2593 xi.

81 2656 140 2717 De
162 2653 293 2712 nrircbili
314 2658 501 2714 conversione
523 2655 625 2716 beatae
646 2656 843 2732 Hildeyundtc
863 2658 993 2732 clreicis,
1016 2673 1093 2731 quae

404 2760 435 2800 ee
455 2746 555 2801 virum
576 2744 777 2802 simulaverat.

132 2880 174 2939 In
200 2881 314 2940 civitate
341 2881 461 2955 Nussia,
491 2898 565 2956 quac
595 2885 720 2958 quinque
746 2882 912 2941 milliaribus
931 2879 959 2961 ¹⁰)
982 2881 1108 2942 distata

52 2967 197 3031 Colonia
219 2969 332 3027 civitate
354 2986 467 3045 magna,
490 2971 559 3028 civis
582 2969 699 3045 quidam
721 2970 868 3044 habitavit,
888 2969 977 3028 filiam
997 2970 1108 3028 habens

49 3060 228 3119 formosam
249 3070 283 3113 ac
306 3053 449 3129 dilectam,
469 3059 582 3114 nomine
602 3056 816 3133 Hildegundem
831 3053 869 3136 ¹¹).
914 3056 1007 3132 Quam
1019 3074 1107 3117 uxore

49 3142 225 3212 defuncta,
256 3157 321 3199 cum
342 3142 437 3207 adhuc
460 3149 534 3201 esset
555 3146 584 3201 in
605 3149 699 3202 aetate
720 3150 833 3218 tenera,
862 3146 996 3202 orationis
1017 3146 1109 3219 gratia

49 3244 173 3295 mcum
193 3224 405 3304 Jerosolymem
423 3229 510 3288 duxit
543 3230 577 3288 In
598 3231 692 3289 reditu
713 3248 781 3291 vero
803 3230 960 3289 infirmatus
972 3237 1055 3305 pater
1071 3227 1109 3309 ¹¹),

76 3380 118 3448 1)
136 3391 180 3429 ne
205 3373 244 3427 de
270 3388 381 3432 cetero
399 3380 496 3435 lieret
515 3396 555 3432 om
572 3381 621 3434 ΒΡ.
640 3413 673 3420 -
700 3381 732 3449 2)
750 3390 864 3449 postea
883 3397 923 3431 om
942 3379 968 3433 G.
990 3410 1019 3418 -
1039 3379 1110 3448 3)c

136 3445 331 3501 ostendere.
351 3481 381 3489 -
401 3450 433 3518 4)
452 3449 471 3503 G
489 3451 644 3503 celent-
664 3451 695 3520 5)
714 3452 853 3503 feminas
871 3467 912 3502 om
927 3449 997 3502 C.-
1017 3450 1049 3518 6)
1067 3448 1109 3502 Gl)

137 3516 255 3577 bests3
273 3520 348 3584 paulo
366 3528 424 3586 post
441 3519 462 3571 D
481 3530 512 3571 et
537 3530 660 3572 sancta.
681 3551 711 3560 -
731 3522 762 3589 7)
781 3521 853 3572 zelo
880 3520 1109 3572 conversionis

138 3584 195 3639 and
212 3584 302 3638 BC.-
322 3591 353 3657 8)
372 3589 412 3640 ΒΡ
430 3588 480 3639 edd
497 3591 656 3642 simile-
676 3590 707 3658 9)
725 3590 745 3641 Β
764 3590 811 3641 add
831 3591 941 3653 vitam3
960 3589 1037 3641 verba
1056 3605 1110 3640 seu

137 3656 303 3725 quomodo
323 3688 354 3698 -
373 3663 647 3712 consummaverit
666 3660 846 3728 omn-10)
864 3660 907 3711 BD
925 3658 1110 3721 milliariis,

137 3726 310 3847 lsicgtoiulrs
335 3745 360 3796 p.
379 3731 420 3782 50.
439 3759 471 3769 ·-
501 3730 549 3800 11)
567 3730 607 3784 OD
626 3728 870 3799 llildegundam.
890 3758 922 3766 —
951 3728 998 3796 12)
1016 3734 1110 3794 pater

137 3810 187 3848 om
248 3834 254 3846 .
