2460 4162
131 225 192 286 162
443 224 672 287 DISTINOTIO
691 225 841 288 TERTIA

128 354 183 408 tur.
225 347 350 423 Vaccae,
371 365 445 423 quae
467 348 601 409 animalia
621 355 688 409 sunt
708 349 825 426 lasciva,
844 348 988 411 luxuriam
1006 348 1175 429 designant,

128 437 191 496 sive
212 435 289 510 ipsas
310 435 493 495 sacerdotum
514 436 696 511 concubinas,
719 455 790 512 quas
814 437 873 497 heu
893 437 976 496 multi
996 437 1087 498 hodie
1109 441 1175 503 siue

128 524 230 582 fimore
252 521 357 581 colunt.
401 522 515 598 Quanta
543 521 621 582 mala
649 523 717 581 mafi
745 523 908 584 sacerdotes
928 524 1026 584 Deum
1047 542 1111 586 non
1131 527 1175 587 u·

113 614 239 668 'mentes
270 608 392 668 braxant
408 605 424 689 ¹)
456 611 486 667 in
516 609 756 685 confessionibus,
784 610 912 686 plurimis
943 610 1085 687 exemplis
1117 613 1174 673 triti

128 711 245 770 possem
259 695 417 769 ostendere,
438 696 490 755 sed
509 695 686 772 parcendum
708 703 752 756 est
766 698 865 772 ordini,
885 697 1064 773 parcendum
1078 700 1174 776 sexui,

128 781 304 857 parcendum
330 782 467 858 religioni.
516 782 614 843 Unum
641 789 738 843 tamen
766 785 819 844 tibi
846 784 941 845 dicam
968 801 1006 845 ex
1035 791 1172 862 remoto,

123 867 208 944 ¹quod
230 869 348 944 quidam
368 869 438 927 mihi
459 869 593 929 sacerdos
615 872 753 930 recitavit.

469 1058 702 1121 CAPITULUM
724 1059 823 1119 XLII.

150 1184 199 1242 De
219 1189 369 1256 matrona,
392 1201 470 1258 quoe
487 1183 602 1257 pupillo
625 1200 645 1240 u
666 1200 696 1241 sc
716 1184 839 1256 nutrite,
862 1188 890 1242 et
910 1185 943 1241 iu
963 1182 1150 1244 amomum

192 1276 340 1345 provecto,
357 1276 482 1344 peccota
503 1286 561 1327 suu
583 1268 717 1344 confessu
739 1275 789 1343 est,
812 1275 841 1329 et
862 1268 900 1327 ab
913 1270 965 1328 dio
980 1269 1142 1353 proditus·

76 1468 80 1485 Ι
193 1405 329 1465 Matrona
357 1405 500 1481 quaedam
532 1404 612 1466 dives
645 1413 674 1465 et
704 1405 840 1481 honesta,
871 1410 991 1481 peccata
1022 1404 1173 1481 quaedam

131 1494 311 1551 commiserat
332 1498 391 1551 tam
408 1492 566 1567 inhonesta,
588 1499 621 1551 ut
636 1492 707 1551 nulli
720 1510 755 1552 ea
770 1492 897 1552 confiteri
910 1497 1009 1567 posset
1022 1491 1173 1553 sacerdoti

129 1594 198 1654 prae
220 1578 400 1638 verecundia.
442 1579 499 1638 Die
517 1579 642 1655 quadam
663 1579 798 1638 infantem
819 1582 962 1655 reperiens
983 1577 1172 1654 destitutum,

128 1664 245 1741 levavit,
268 1672 297 1725 et
317 1667 380 1725 loco
391 1666 441 1724 filii
461 1666 542 1725 illum
563 1668 698 1741 nutriens,
720 1666 808 1724 literis
828 1667 918 1724 imbui
931 1665 1006 1739 fecit,
1027 1671 1119 1741 atque
1137 1666 1172 1725 in

129 1753 308 1813 sacerdotem
330 1753 461 1812 ordinari.
504 1753 585 1812 Ttmc
612 1752 728 1812 demum
755 1752 889 1811 fiduciam
917 1768 1033 1811 sumens
1054 1750 1094 1812 de
1115 1768 1172 1813 ex-

129 1837 221 1899 hibita
243 1843 376 1915 caritate,
409 1841 540 1899 consessa
562 1846 605 1899 est
626 1842 652 1899 ei
672 1845 793 1915 peccata
814 1838 863 1897 diu
883 1838 1010 1897 latenfia
1052 1837 1172 1915 Qrfibus

130 1926 235 1985 auditis
256 1927 359 1985 stultus
380 1925 435 2002 ille,
456 1929 605 1986 immemor
625 1925 689 2000 Dei,
710 1928 860 1984 immernor
879 1926 1001 2001 impensi
1020 1924 1172 2001 beneficii,

131 2027 168 2070 ex
188 2012 244 2071 hoc
266 2030 381 2072 sumens
403 2012 567 2087 audaciam,
594 2015 662 2089 quia
683 2015 708 2072 si
729 2012 806 2088 quod
827 2017 937 2087 peteret
957 2017 1090 2088 negaret,
1112 2012 1172 2071 mi·

130 2105 247 2157 narretur
268 2116 299 2158 se
322 2101 382 2159 eius
394 2100 464 2157 vitia
486 2098 590 2158 debere
602 2096 622 2178 ²)
644 2099 803 2175 propalare,
825 2101 919 2174 coepit
939 2098 1018 2157 illam
1037 2096 1078 2158 ad
1095 2115 1171 2159 con-

130 2201 246 2244 sensum
268 2202 338 2244 suae
349 2184 474 2243 libidinis
495 2186 657 2245 sollicitare.
703 2185 791 2244 Cuius
805 2187 895 2245 verba
909 2203 975 2244 cum
988 2185 1096 2245 semma
1109 2187 1170 2245 iam

130 2271 283 2331 iustificata
304 2271 484 2346 abhorreret,
513 2278 542 2332 et
569 2271 616 2330 illc
639 2272 880 2332 contradicentem
912 2270 1087 2347 didamaret,
1118 2270 1171 2333 illa

129 2356 264 2418 fiduciam
285 2358 395 2417 habens
418 2357 454 2416 dc
474 2358 658 2432 confessione,
679 2376 715 2417 ne
737 2359 816 2434 apud
836 2359 967 2419 homines
988 2364 1075 2418 notae
1098 2374 1170 2434 per·

129 2452 235 2519 petuae
255 2446 417 2504 subiaceret
432 2445 574 2520 infamiae,
596 2445 768 2504 sufficienter
789 2463 820 2505 se
835 2462 1006 2522 expurgans,
1026 2444 1170 2505 beneficio

130 2532 315 2591 consessionis
335 2532 456 2591 liberata
478 2539 540 2607 cst,
554 2542 583 2593 et
603 2534 765 2591 criminator
786 2533 823 2591 de
840 2534 987 2607 provincia
1004 2531 1171 2592 eliminatus

131 2623 183 2677 est.
225 2617 429 2679 NOVICIUS:
451 2617 519 2677 Duo
541 2619 613 2679 haec
629 2619 759 2694 exempla
780 2619 850 2677 mihi
870 2618 1014 2678 sufficiunt
1035 2617 1071 2677 de
1095 2633 1171 2678 con-

128 2705 284 2765 fessoribus
305 2705 402 2784 malis;
429 2723 506 2766 nunc
528 2706 643 2782 aliquod
654 2702 676 2786 ⁸)
704 2706 774 2765 mihi
796 2707 874 2766 dicas
896 2705 932 2765 de
954 2704 1169 2765 confessoribus

129 2794 277 2854 timoratis.

463 2947 695 3009 CAPITULUM
721 2947 833 3007 XLIII.

207 3072 255 3130 De
275 3078 425 3144 matrona,
448 3089 526 3146 quoe
548 3052 742 3146 confessorem
762 3088 852 3130 suum
874 3069 916 3128 ad
936 3069 1086 3129 libidinoso

580 3160 721 3216 incituus't.

193 3293 429 3355 MONACHUS:
450 3293 531 3353 Dum
541 3289 564 3374 ²)
588 3294 731 3370 quaedam
746 3300 877 3353 matrona
889 3293 992 3352 nobilis
1008 3310 1073 3352 cum
1089 3310 1169 3369 quo·

130 3382 197 3442 dam
217 3381 335 3441 Abbatc
357 3381 462 3441 ordinis
483 3384 572 3440 nostri
602 3383 655 3441 sub
686 3389 755 3457 typo
786 3381 968 3440 confessionis
991 3379 1026 3439 de
1048 3383 1169 3441 secretis

129 3471 319 3531 comcicntiao
341 3486 411 3528 suae
432 3469 609 3544 loqueretur,
643 3468 714 3527 dixit
735 3485 767 3527 se
787 3470 817 3527 in
840 3469 900 3527 cius
922 3483 1019 3527 amore
1040 3469 1169 3544 graviter

147 3654 337 3725 I)braxare
364 3653 456 3704 dictum
483 3668 529 3720 pro
556 3654 734 3717 coniicerm
760 3652 862 3719 proprie
879 3652 948 3705 valet
965 3652 1167 3706 cerevisiam

198 3739 355 3792 coquere,
372 3723 465 3776 Gallice
483 3723 621 3776 brasser.
641 3754 673 3764 -
699 3723 731 3792 2)
750 3721 868 3776 debere
885 3739 927 3776 om
944 3721 994 3776 BC.
1013 3751 1044 3762 -
1072 3721 1106 3789 3)
1123 3721 1168 3775 GI)

198 3793 333 3863 aliquid.
352 3822 383 3833 -
403 3794 435 3862 4)
453 3791 517 3846 ACD
535 3809 611 3845 cum.
