2438 4170
138 243 201 302 384
469 241 698 315 Drsrntc‘rro
720 242 855 304 SEXTA

457 399 689 483 CAPITULUM
706 400 858 460 XXXIII.
880 414 911 455 κ

377 523 425 581 De
443 527 581 596 passione
603 524 739 598 simplicis
760 522 947 582 Marcodclli.

202 643 237 701 In
259 643 389 702 Ferraria
411 647 527 704 civitate
543 645 734 705 Lombardiae
747 643 763 725 ¹)
786 651 853 704 ante
874 661 967 704 annos
988 662 1103 719 paucos
1123 652 1179 705 erat

138 730 225 789 homo
248 729 372 806 quidam,
394 730 586 791 Mareadellus
608 735 732 806 nomine,
752 735 841 791 mirae
862 731 1066 808 simplicitatis,
1088 738 1117 791 et
1136 750 1178 792 er-

137 834 176 893 ga
197 823 360 876 sanctorum
374 817 439 876 loca
460 822 601 878 maximae
623 821 790 878 devotionis.
834 817 890 894 Qui
913 836 982 878 cum
1005 820 1045 879 ob
1067 822 1178 879 nimiam

138 903 348 980 simplicitatem
369 922 387 963 a
415 906 511 965 multis
532 924 583 981 pro
606 907 686 965 fatuo
707 905 875 980 haberetur,
909 907 993 964 etin
1017 906 1107 965 oculis
1127 906 1178 966 Dei

139 998 215 1050 esset
236 991 481 1067 prudentissimus,
504 995 639 1068 quicquid
653 993 689 1052 de
708 995 766 1052 suis
786 992 934 1052 laboribus
955 992 1037 1053 ultra
1056 995 1178 1052 necessi-

138 1084 212 1137 tates
220 1085 339 1137 naturae
351 1096 497 1138 reservare
510 1087 630 1155 poterat,
650 1079 719 1138 illud
734 1083 762 1138 in
774 1079 918 1139 visitando
939 1079 1044 1139 limina
1064 1077 1177 1158 sanctu)

138 1165 243 1225 Jacobi
270 1167 300 1223 in
330 1165 537 1241 Compostclla,
567 1174 617 1226 aut
645 1169 795 1227 beatomm
819 1165 1033 1242 Apostolorum
1054 1167 1133 1226 Petri
1153 1174 1178 1225 et

138 1251 221 1311 Pauli
248 1252 369 1311 fideliter
406 1253 594 1328 expendebat.
653 1254 794 1328 Tempore
824 1270 880 1328 quo
910 1255 1009 1328 potuit
1034 1253 1177 1312 hominum

138 1356 243 1414 pecora
258 1343 354 1414 pavit3
377 1349 405 1400 et
418 1347 483 1399 eum
497 1358 566 1416 prae
575 1337 595 1419 ³)
618 1348 764 1399 senectute
777 1340 815 1398 ad
832 1341 888 1399 hoc
910 1342 1009 1398 minus
1031 1341 1177 1414 sufficeret,

138 1428 262 1484 ostiatim
284 1426 471 1486 mendicando
500 1428 687 1504 eleemosynis
720 1427 846 1486 fidelium
874 1422 1068 1507 victitabatl).
1117 1428 1177 1486 Non

137 1512 291 1572 recedebat
312 1511 376 1593 de⁵)
401 1514 529 1589 eeclesia,
552 1516 619 1573 dum
636 1515 732 1574 divina
753 1517 781 1572 in
804 1531 838 1573 ea
859 1520 1025 1591 agerentur,
1045 1513 1123 1572 unde
1142 1514 1175 1573 ab

138 1601 271 1660 omnibus
293 1603 451 1661 amabatur.
496 1602 551 1677 Qui
581 1620 646 1660 cum
672 1602 846 1676 frequentius
868 1606 1034 1659 versaretur
1054 1603 1086 1660 in
1107 1619 1176 1677 qua·

139 1686 206 1746 dem
227 1687 295 1746 villa
310 1688 401 1746 dictae
416 1689 572 1764 Dioecesie,
595 1691 666 1748 etin
688 1687 808 1748 ecclesia
829 1687 958 1746 eiusdem
980 1686 1068 1747 villae
1089 1687 1176 1746 thuri-

137 1774 238 1834 bulum
267 1782 433 1851 argenteum
459 1777 647 1852 negligentius
676 1775 799 1850 pendere
821 1767 1057 1854 conspexisset⁵),
1078 1777 1178 1834 timens

137 1858 226 1939 tami)
249 1861 390 1924 ecelesiae·
409 1880 495 1937 quam
520 1880 589 1921 suae
619 1864 824 1936 conscientiae,
860 1864 902 1920 ait
923 1860 1083 1920 sacerdoti:
1111 1861 1173 1920 Non

138 1965 237 2008 secure
277 1949 324 2007 hie
367 1949 473 2025 pendet
505 1949 562 2008 tale
603 1948 788 2007 thuribulum.
845 1948 970 2007 Dicente
1006 1948 1072 2021 illo,
1111 1951 1175 2024 quia

138 2035 233 2093 multis
255 2038 336 2094 annis
359 2040 419 2095 sine
440 2036 565 2112 periculo
586 2037 643 2094 illie
664 2036 859 2112 pependissct3
888 2036 1037 2110 respondit
1059 2035 1174 2095 Marea-

138 2122 244 2182 dellus:
267 2122 332 2180 Hoc
362 2142 448 2198 saepe
476 2142 535 2181 una
557 2124 601 2181 die
624 2126 732 2197 evenit,
766 2123 842 2197 quod
864 2123 893 2179 in
915 2121 994 2181 mille
1016 2125 1099 2182 annis
1120 2132 1197 2181 non¹

139 2212 283 2285 contingit.
327 2209 402 2283 Quid
424 2210 525 2285 plura?
547 2211 685 2268 Instinctu
705 2209 811 2268 diaboli
830 2209 1011 2275 thuribulum
1032 2210 1174 2269 subtrahi-

139 2304 199 2369 tur,
231 2293 318 2373 nonss)
341 2303 436 2355 tamen
465 2297 640 2356 Marcadcllo
669 2298 773 2354 furtum
795 2299 957 2371 imponitur.
1004 2296 1090 2372 Quod
1113 2314 1175 2356 eum

139 2384 199 2457 sur,
226 2383 351 2440 Domino
380 2385 547 2458 prohibente
577 2392 605 2442 11
637 2401 719 2442 servo
754 2401 805 2442 suo
839 2386 1023 2442 occasionem
1052 2385 1175 2460 martyrii

139 2476 341 2546 praeparante,
367 2471 490 2529 vendero
512 2489 569 2528 non
590 2477 688 2545 posset
708 2488 762 2528 nec
783 2470 915 2544 auderet,
944 2473 1039 2529 sciens
1062 2470 1175 2530 Marca-

140 2558 245 2616 dellum
266 2558 484 2616 lrominemessc
506 2559 754 2632 simplicissimum,
777 2557 954 2616 eteoclesiae
976 2558 1176 2616 illiusnotissi·

139 2664 226 2720 mum,
250 2663 315 2702 eum
329 2652 436 2704 secrete
451 2645 529 2719 adiit,
551 2651 579 2704 ot
602 2647 668 2719 quia
689 2647 750 2718 ipse
772 2645 848 2703 idem
869 2647 1015 2719 rapuisset
1036 2663 1099 2717 vas,
1120 2647 1174 2720 pri-

139 2750 174 2790 us
196 2739 290 2791 tamen
313 2734 367 2790 sibi
388 2737 523 2807 praestito
545 2735 703 2789 iuramento
712 2728 732 2809 ⁹)
755 2749 791 2790 ne
814 2749 844 2789 se
866 2731 1011 2806 proderet,
1033 2732 1173 2790 confessus

141 2825 184 2878 est
198 2817 236 2897 ¹0).
281 2819 333 2877 Cui
355 2819 402 2878 ille
423 2819 582 2894 respondit:
606 2820 654 2876 Da
675 2819 744 2875 mibi
768 2818 958 2891 thuribulum,
982 2825 1012 2876 et
1033 2836 1090 2895 ego
1110 2816 1173 2875 illud

141 2906 219 2963 nullo
243 2909 348 2963 sciente
370 2908 443 2965 benc
466 2909 621 2979 restituam,
644 2912 680 2977 et,
703 2908 726 2963 si
747 2923 864 2963 necesse
885 2905 979 2978 fuerit,
1007 2908 1094 2964 etiam
1116 2906 1173 2963 ani-

141 3010 217 3050 mam
245 3010 340 3050 meam
367 3011 472 3067 ponam
499 3011 549 3068 pro
577 2999 615 3050 te.
657 2992 711 3049 His
734 2993 853 3065 auditis,
880 2992 926 3049 sur
954 2992 1131 3050 thuribulum
1152 2992 1173 3049 ei

141 3079 264 3150 tradidit,
287 3080 363 3153 quod
390 3080 437 3139 ille
459 3081 523 3139 leno
545 3080 720 3152 involutum,
742 3079 856 3138 sacculo
878 3095 930 3136 suo
952 3081 1081 3137 immisit.
1124 3078 1173 3153 Qui

142 3182 208 3224 cum
238 3165 302 3240 plus
335 3167 418 3225 solito
435 3164 463 3246 ¹¹)
499 3168 647 3226 ecclesiam
669 3167 827 3241 praefatam
860 3166 1057 3240 frequentaret
1073 3163 1116 3244 ¹²),
1146 3170 1174 3221 111

142 3252 317 3310 thuribulum
355 3262 437 3313 caute
476 3262 504 3312 11
540 3256 599 3312 sine
629 3260 697 3311 nota
732 3256 761 3310 in
796 3253 890 3311 locum
928 3270 1013 3310 suum
1043 3268 1174 3328 reponere

142 3345 254 3412 posset,
289 3339 333 3396 die
367 3342 491 3416 quadam
520 3343 606 3398 nimia
635 3346 836 3415 tempestatum
866 3339 1005 3398 violentia
1034 3340 1174 3398 aforibus

162 3472 193 3538 l]
210 3471 250 3522 BP
268 3472 523 3539 longobardiae.
544 3504 572 3512 —
594 3475 626 3542 2)
644 3473 708 3524 Aba
726 3473 821 3524 beati.
836 3503 866 3510 -
886 3472 917 3538 3)
936 3472 956 3524 C
975 3488 1056 3537 prae
1074 3472 1174 3523 nimia.

214 3542 881 3610 -4)[1111111111111111-1111111111-
902 3540 1174 3608 5)Al)Pab.-6]

212 3609 1175 3680 1111111111.-11111111111εωηο.-1)Βιιεο.-1)

212 3681 420 3735 Ctamensibi
434 3681 1025 3748 praestitosacramcut0,lllll’tomen
1045 3689 1175 3747 recepto

213 3761 425 3804 sacramento.
439 3783 469 3791 -
484 3754 531 3820 to)
549 3753 612 3804 aar
631 3754 692 3804 sibi
710 3753 882 3804 confessus
900 3760 957 3802 111.
974 3780 1004 3790 -
1026 3752 1077 3818 11)
1095 3752 1113 3802 Β
1131 3747 1177 3798 add

209 3822 313 3888 modo;
332 3822 476 3876 1111111111
494 3823 673 3892 praelatam
689 3824 909 3875 ecclesiam-
922 3821 970 3888 12)
984 3821 1176 3873 Bvisitnret
