2438 4170
59 111 121 169 226
356 106 585 171 Dtsrmcrto
619 107 786 186 QUARTA

60 231 178 291 viduam
192 237 365 291 exercuerat
406 232 445 290 Et
465 231 569 292 adiecit
580 231 737 290 Dominus:
768 229 877 293 Adbuc
897 238 1106 311 cnmmgarn

60 335 120 377 una
132 318 218 394 plaga
230 321 347 377 maiore.
387 318 472 395 Quod
483 319 591 378 sactum
613 324 656 378 est
676 321 716 378 ita
729 315 755 398 ¹).
797 318 910 379 Eodem
930 322 1106 393 enimam
1180 338 1217 403 mi

60 405 142 464 miles
178 405 293 480 quidam
328 422 441 465 omnem
470 423 544 481 pene
571 421 712 465 annonam
734 409 900 466 monasterii
928 409 959 467 in
985 407 1106 479 horreis
1177 436 1219 473 aa

58 493 197 567 incendit3
222 493 420 569 sicqueplagu
434 496 564 552 cessavit
602 491 805 552 NOVIOIUS:
828 492 902 552 Cum
913 493 1099 563 Dcusvnltle
1153 500 1216 556 'nn

59 581 97 637 sit
117 582 289 654 misericors,
317 580 450 655 quidest
480 579 557 655 quod
578 586 693 655 propter
714 581 798 652 unius
818 580 941 640 hominis
959 580 1096 647 mandem

60 683 174 725 omnem
188 669 298 740 punivit
312 665 583 742 congregationem?
605 664 840 727 MONAOHUS:
858 667 940 727 Sicut
949 668 1044 745 legitur
1062 674 1100 731 in
1169 669 1216 723 ali

57 751 182 832 Josue²),
202 760 318 828 propter
335 756 484 812 avaritiam
506 753 624 828 Achor,
646 755 694 827 qui
716 752 752 811 de
773 753 956 815 anathemate
975 755 1099 817 Jmcho
1168 768 1209 822 lid

57 840 131 914 tulit,
151 842 180 897 in
202 857 315 898 omnem
336 840 474 915 populum
503 843 544 898 ira
565 840 622 899 Dei
644 840 780 899 desaevit
823 841 899 900 Nam
920 844 991 902 εἰθιιῖ
1008 842 1099 903 Deus
1182 860 1216 887 ’θ’

58 929 215 986 misericors
237 934 295 1001 est,
327 930 367 985 ita
394 934 423 986 et
450 930 541 986 iustus
571 934 623 986 θεῖ.
666 926 697 986 Si
720 932 836 1003 propter
857 931 942 988 unius
961 932 1099 989 meritum
1178 945 1204 973 ¹¹¹¹

57 1031 143 1090 saepe
155 1014 327 1072 multitudini
340 1016 439 1089 parcit,
461 1014 659 1089 quidmiraris,
682 1015 705 1073 si
723 1013 848 1073 dictante
862 1018 923 1074 eius
941 1019 1099 1092 aequimte,
1166 1011 1199 1065 ui
1216 1032 1219 1056 ¹

57 1100 209 1175 aliquando
232 1108 347 1177 propter
367 1103 451 1160 unius
474 1099 608 1160 delictum
628 1101 733 1159 multos
756 1100 860 1176 punit?
892 1100 1098 1163 NOVIOIUS:

57 1188 87 1247 st
108 1187 180 1246 haec
201 1190 242 1246 ita
264 1205 295 1246 se
316 1187 440 1263 habent,
460 1188 573 1265 ridetur
594 1188 663 1245 mihi
684 1188 752 1247 utile
774 1189 920 1263 subiectis,
941 1196 970 1249 et
987 1204 1098 1249 neces-

56 1276 160 1334 sarium
173 1274 315 1349 praelatis,
335 1282 367 1332 ut
377 1268 542 1359 irequenter
560 1275 695 1333 officiales
709 1291 776 1333 suos
792 1282 937 1351 moneant,
956 1294 992 1336 ne
1003 1272 1099 1335 alicui

56 1361 184 1420 fraudem
205 1362 338 1435 inferant,
367 1378 403 1419 ne
424 1361 496 1420 forte
518 1379 568 1436 per
588 1362 645 1420 hoc
666 1360 811 1437 flagellum
832 1369 932 1423 contra
952 1380 983 1423 se
1001 1358 1100 1423 iudici

58 1451 212 1525 porrigant.
254 1447 488 1508 MONACHUS:
508 1449 617 1508 Vemm
632 1448 710 1522 dicis,
731 1451 798 1524 quria
811 1449 1099 1509 modicumfermen·

56 1543 117 1593 tum
145 1543 236 1594 totam
266 1553 392 1593 massam
427 1531 618 1614 corrumptt³).
665 1534 730 1592 Non
763 1535 856 1595 solum
884 1536 966 1596 Deus
991 1534 1099 1613 punit,
1137 1546 1147 1573 ⁸

58 1625 81 1679 si
102 1626 236 1680 instinctu
249 1625 385 1681 avaritiae
400 1622 504 1681 damna
518 1623 580 1680 aliis
592 1622 753 1696 inieramus,
773 1624 831 1681 imo
847 1625 971 1683 etiamsi
989 1626 1100 1683 noem
1183 1609 1217 1667 lib

59 1727 144 1768 avare
176 1709 336 1783 retinendo,
372 1709 522 1784 egentibus
560 1725 619 1767 non
653 1711 861 1785 impertiamur,
890 1711 937 1771 vel
963 1707 1101 1771 exhibita

1173 1694 1198 1753 lo

57 1797 312 1855 immisericorditer
342 1803 409 1855 ante
431 1803 545 1871 tempus
568 1796 779 1856 subtrahamus.
1175 1778 1196 1922 ἓ

1171 1315 1214 1375 illl

1177 1420 1214 1461 nn

412 1968 643 2029 OAPITULUM
663 1970 730 2028 LX.

325 2093 373 2150 De
390 2093 486 2167 playa
511 2091 616 2149 doinus
644 2093 820 2151 Viluricnassr.

121 2214 155 2271 In
181 2214 338 2272 Brabantia
368 2214 469 2272 domus
499 2218 542 2271 est
571 2212 675 2272 ordinis
709 2217 812 2289 nostri,
846 2233 921 2290 quae
948 2214 1116 2275 vitutum
1191 2217 1209 2272 lt

59 2300 167 2374 dicitur,
194 2304 223 2358 in
246 2319 303 2375 qua
324 2301 484 2375 hospitibus
508 2307 536 2358 et
558 2303 654 2376 egenis
675 2301 765 2359 multa
797 2302 875 2361 bona
896 2320 981 2378 saepe
1001 2288 1115 2363 exhi‘
1195 2304 1216 2357 p

57 2390 117 2447 bita
146 2395 226 2462 sunt,
256 2395 284 2445 et
313 2387 407 2446 adhuc
437 2386 561 2461 quotidie
592 2387 768 2446 exhibentur.
817 2389 884 2449 Hoc
905 2399 988 2449 'anno
1018 2384 1122 2448 cul1¹

56 2483 151 2535 essent
182 2479 210 2532 in
243 2474 344 2533 eadem
376 2475 522 2548 provincia
550 2480 680 2549 tempora
712 2492 794 2549 cara,
825 2476 927 2536 fratres
960 2470 1124 2536 eiusdem
1205 2474 1219 2506 ¹

56 2564 185 2622 coenobii
217 2579 357 2620 summam
389 2576 519 2618 annonae
552 2577 622 2618 suae
654 2567 799 2636 taxantesr,
839 2570 883 2638 et,
919 2566 992 2625 sicut
1020 2554 1130 2621 rn⁰⁵
1210 2560 1215 2597 ’-

56 2658 99 2709 θεῖ
137 2650 280 2708 humanae
318 2647 486 2720 infirmitati,
530 2646 672 2706 desectum
711 2651 857 2723 timentes,
900 2667 937 2710 ex
984 2649 1132 2731 diabq‘
1215 2646 1218 2671 ²

55 2737 121 2811 lica,
150 2743 182 2794 ut
203 2737 310 2810 patuit,
338 2737 507 2808 tentatione,
535 2734 694 2793 subsidium
723 2735 799 2810 quod
821 2738 995 2812 pauperibus
1014 2723 1135 2797 sas-¹³

54 2819 163 2901 largc⁴)
186 2821 347 2896 impendere
370 2828 584 2895 consueverant,
606 2822 751 2896 usquead
771 2840 896 2882 messem
918 2810 1137 2884 subtrahese

56 2910 193 2968 consiliati
224 2915 298 2967 sunt.
351 2907 460 2966 Eadem
492 2914 592 2981 nocto,
625 2910 698 2966 sicut
729 2908 825 2967 rotulit
852 2913 937 2971 nobis
969 2896 1140 2988 quidaffl

53 2996 223 3069 monachus,
247 2995 282 3053 de
305 2994 406 3052 eadem
428 2993 513 3052 domo
535 2996 667 3070 veniens,
688 2998 804 3070 piscino,
827 3014 902 3071 quae
925 3006 986 3057 erat
1010 2982 1143 3057 ult1¹²1

54 3083 224 3156 claustrum,
251 3083 354 3156 erupit,
385 3088 413 3140 et
443 3099 494 3155 per
516 3080 641 3140 diversas
663 3099 694 3141 se
717 3082 875 3143 diffundens
905 3084 1028 3145 officinas
1060 3060 1145 3144 ⁵)²

1098 3186 1147 3227 ss·

72 3202 102 3268 ¹³
120 3198 575 3334 littttltflttffsstttm
592 3197 1148 3338 ditat·,lilttttlltl‘tss

121 3348 173 3390 tum
190 3354 281 3404 corpus
299 3339 447 3403 corrumpit,
470 3338 506 3386 ita
530 3352 606 3403 saepe
625 3337 691 3388 Deus
709 3347 812 3405 propter
829 3356 905 3390 tinum
923 3340 1023 3392 fratrem
1055 3329 1148 3405 ⁴¹2

119 3411 220 3473 tiosum,
239 3410 301 3458 siout
314 3406 453 3472 exornplum
465 3405 586 3457 habemus
599 3406 631 3458 de
648 3408 768 3471 Achor,
785 3408 968 3462 multitudinem
985 3400 1118 3476 puni*

119 3478 205 3530 lsidor.
224 3477 318 3543 Hispal.
336 3476 419 3542 Episc.
438 3476 501 3542 Opp.
514 3492 538 3541 p.
552 3477 614 3528 188:
634 3477 768 3541 ‚,Aclror,
786 3480 830 3546 qui
846 3478 1002 3532 dellicriclro
1018 3468 1149 3529 ινφ

119 3549 229 3600 thomate
248 3547 399 3610 concupivit,
417 3545 540 3612 significat
557 3561 663 3614 nequam
682 3546 874 3599 Christianum.“
889 3578 920 3589 -
938 3550 970 3617 3)
987 3548 1062 3601 Gor·-
1116 3514 1147 3573 ι’

119 3624 145 3681 5,
163 3620 186 3669 6.
207 3649 237 3656 -
258 3617 289 3682 4)
308 3614 371 3666 ADP
388 3615 535 3683 largiter.
553 3646 583 3656 —
603 3617 635 3684 5)
653 3616 769 3669 officinae
787 3626 846 3670 sunt
864 3618 952 3671 domur
967 3598 1147 3671 diwwfl‘

119 3692 182 3741 intra
201 3688 302 3738 claustri
319 3686 439 3736 terminos
460 3686 531 3735 sitae.

1195 2035 1198 2051 l

1185 2064 1214 2101 Ι,ι
