2460 4162
405 249 460 311 DE
483 248 752 312 DAEMONIBUS.
1033 252 1093 311 291
1205 312 1207 317 .

423 423 656 485 CAPITULUM
677 423 748 484 ΧΙ.’

123 548 173 621 De
193 510 344 622 daemone
367 550 419 623 qui
440 547 589 623 confessas
611 553 660 618 est,
681 563 711 604 se
732 541 856 604 intrasse
875 544 1027 620 seminem,

221 648 224 661 ¹
257 640 299 692 eo*
312 634 394 710 quod
412 633 467 692 sibi
488 633 600 691 tradita
618 633 723 709 fuisset
744 649 765 692 a
785 634 903 690 martio.

125 753 205 814 Dum
226 753 330 814 Abbas
358 761 455 813 noster
477 771 552 812 anno
574 755 726 828 praeterito
747 755 777 810 in
799 751 899 811 Monte
920 755 1011 812 sancti
1032 752 1097 812 Sal-

55 843 167 903 vatoris
181 843 262 900 iuxta
275 840 448 918 Aquisgrani
466 843 583 899 missam
606 840 770 914 celebraret,
791 839 872 898 finita
893 842 980 897 missa
1001 840 1098 898 oblata

58 925 134 1008 est¹)
157 927 258 986 mulier
275 929 402 986 obsessa.
433 926 538 1004 ,Super
564 929 643 985 cuius
666 932 752 1000 caput
774 943 839 984 curn
859 925 975 1001 legisset
995 925 1097 985 lectio-

58 1032 128 1076 nem
142 1012 338 1090 evangelicam
353 1014 388 1073 de
400 1016 576 1088 ascensione,
598 1019 627 1072 et
643 1013 680 1071 ad
692 1013 741 1070 illa
753 1013 853 1070 verba:
876 1012 972 1086 Super
994 1031 1097 1088 aegros

58 1119 170 1161 manas
191 1105 348 1177 inponat,
372 1108 399 1159 et
411 1100 481 1158 bene
502 1099 651 1157 habebunt
659 1096 691 1176 ²),
713 1116 829 1156 manum
853 1101 937 1172 capiti
960 1101 1020 1157 eius
1041 1102 1097 1158 im-

58 1189 221 1267 posuisset,
249 1187 369 1245 daemon
396 1204 498 1246 vocem
527 1187 618 1244 emisit
646 1191 705 1268 tam
732 1185 909 1258 horribilem,
938 1192 970 1243 ut
999 1203 1097 1245 omnes

29 1342 32 1349 ,
58 1281 239 1335 terreremur.
270 1272 427 1332 Adiuratus
445 1280 476 1331 ut
491 1274 586 1347 exiret,
608 1271 766 1347 respondit:
785 1270 920 1329 Nondum
931 1271 993 1330 vult
1006 1271 1098 1350 Altis·

32 1350 161 1423 'umus
203 1359 398 1436 Interrogatus
431 1358 574 1434 quomodo
603 1361 749 1432 intrasset,
777 1375 830 1416 nee
856 1360 917 1432 ipse
939 1349 1098 1433 respondit,

60 1464 119 1508 nec
146 1446 294 1509 mulierem
321 1446 491 1522 respondere
519 1447 654 1520 permisit.
697 1445 802 1522 Postea
825 1444 954 1503 consessa
975 1452 1033 1519 est,
1061 1446 1099 1504 ad

60 1550 167 1595 vocem
196 1535 289 1591 mariti
318 1535 361 1591 sui
389 1535 418 1590 in
445 1535 634 1591 commotione
663 1533 749 1589 animi
778 1534 822 1589 sui
855 1531 987 1590 dicentis:
1014 1532 1098 1591 Vade

61 1610 330 1699 diabolo,'quod³)
360 1621 464 1677 intrare
491 1617 572 1675 illum
600 1620 718 1676 senserit
745 1635 797 1692 per
823 1617 987 1688 auriculam.
1030 1618 1099 1678 Erat

62 1712 164 1769 autem
185 1705 287 1769 eadem
306 1705 412 1765 femina
433 1705 469 1764 de
490 1703 620 1780 Aquensi
643 1706 798 1780 provincia,
820 1712 848 1763 et
868 1705 937 1763 satis
957 1711 1034 1764 nota.

423 1893 656 1955 carnorum
674 1893 745 1954 ΧΠ.

61 2016 141 2078 Itan
161 2016 198 2077 de
213 2034 319 2093 praere,
342 2035 429 2093 quern
443 2016 577 2076 diabolas
595 2019 712 2089 invasit,
735 2033 802 2074 cum
824 2019 849 2074 ei
868 2023 955 2091 poter
977 2016 1099 2075 oberei:

468 2104 549 2162 Vade
577 2103 703 2161 diabole.

128 2224 225 2285 Homo
237 2223 355 2300 quidam
375 2227 472 2299 iratus
490 2226 563 2283 sicut
580 2224 675 2282 audivi
697 2241 715 2281 a
737 2221 862 2298 quodam
882 2222 1008 2299 Abbate,
1029 2224 1099 2283 dixit

61 2310 123 2372 tilio
143 2328 213 2371 suo:
234 2311 318 2371 Vade
338 2310 460 2370 diabolo.
505 2310 597 2385 Quem
612 2327 680 2368 mox
702 2309 832 2369 diabolus
852 2313 954 2389 rapuit,
977 2317 1005 2370 et
1026 2329 1097 2370 nus-

61 2415 154 2477 quam
182 2400 348 2473 oomparuit
390 2396 590 2456 NOVICIUS:
620 2395 695 2472 Quid
724 2403 767 2455 est
788 2384 870 2472 quod
886 2397 960 2455 filius
981 2400 1097 2473 punitus

61 2491 109 2546 est
130 2486 168 2545 ob
181 2491 333 2561 peceatum
350 2487 447 2559 patrio,
469 2501 535 2546 eum
556 2484 695 2557 seriptma
716 2481 806 2540 dicat:
826 2483 921 2543 Filiae
942 2501 1004 2542 non
1019 2502 1096 2559 poe-

61 2570 140 2632 rabit
159 2575 344 2647 niquitatem
360 2565 511 2645 patravi
536 2568 771 2628 MONAOHUS:
792 2569 873 2627 Idem
896 2570 973 2643 quod
994 2588 1097 2644 supra-

61 2656 142 2718 sica
173 2658 275 2717 mulier
308 2657 389 2731 dixit,
422 2657 485 2716 dieo
499 2652 528 2736 ⁵).
581 2655 741 2729 Utrumque
772 2655 832 2714 fieri
862 2659 989 2730 permisit
1014 2656 1096 2716 Deus

60 2750 180 2822 propter
214 2743 392 2819 exemplum,
427 2750 460 2801 ut
488 2743 556 2807 dum
586 2741 715 2801 iracundi
746 2743 775 2799 in
803 2745 953 2811 vexatione
985 2746 1096 2818 uxoris,

61 2832 158 2891 mariti
188 2831 328 2889 audierint
360 2833 501 2888 eruciatus
530 2828 637 2903 cordis,
671 2834 699 2886 et
736 2830 765 2885 in
795 2834 880 2902 raptu
911 2829 975 2904 filii,
1006 2832 1096 2904 patris

62 2916 185 2992 dolores,
206 2919 292 2976 animi
304 2918 349 2976 sui
373 2917 497 2976 furorem
519 2915 671 2974 cohibeant
699 2921 727 2973 et
748 2931 766 2972 a
787 2915 962 2991 stultiloquio
983 2915 1094 2991 linguas
1204 2912 1208 2917 ”

61 3010 257 3081 compescant.
297 3001 497 3062 NOVICIUS:
519 3001 619 3061 Placet
642 3001 719 3076 quod
741 3001 818 3060 dicis.
859 3001 1094 3062 MONACHUS:

61 3089 122 3169 Qui
147 3091 301 3151 daemones
330 3106 393 3149 esse
422 3089 564 3162 dubitant,
591 3090 790 3163 energuminos
815 3086 1005 3168 attendant⁶),
1028 3093 1096 3165 quia

61 3177 134 3239 dum
154 3195 206 3254 per
224 3177 337 3237 illorum
358 3193 409 3235 ora
430 3174 561 3236 diabolus
581 3174 720 3249 loquitur,
750 3180 778 3233 et
798 3176 827 3231 in
849 3176 1015 3250 corporibus
1035 3183 1094 3236 tam

60 3263 214 3325 crudeliter
242 3263 433 3336 debachatur,
462 3262 642 3320 manifestum
670 3262 847 3336 praesentiae
871 3279 941 3320 suae
960 3261 1096 3322 indicium

58 3350 118 3412 illis
146 3350 332 3411 demonstrat.
375 3347 578 3408 NOVICIUS:
606 3348 715 3407 Verum
748 3348 870 3423 diceres,
898 3350 922 3407 si
943 3367 1000 3408 non
1023 3358 1097 3410 esset

78 3465 216 3539 1)Gost
239 3469 276 3519 ei.
302 3496 334 3506 -
359 3467 391 3535 2)
415 3466 489 3518 liare.
515 3465 563 3529 16,
588 3465 629 3516 18.
649 3495 680 3503 -
699 3466 731 3533 3)
750 3463 833 3532 quod
860 3464 954 3517 habeut
977 3465 1017 3518 BG
1039 3475 1099 3518 ante

132 3535 172 3589 ad
194 3551 315 3620 vocem.
340 3565 372 3574 -
399 3535 432 3617 4)
454 3534 545 3618 Ezeclr.
565 3535 625 3618 ⁹18,
643 3535 685 3585 20.
703 3564 736 3572 -
755 3534 824 3617 §JB
848 3532 930 3586 idem
953 3535 1036 3618 quod
1062 3535 1099 3588 dc

131 3603 1098 3742 illisisisplll's:dit,llitsialilfflqllsldlll?

131 3742 384 3867 dietaerprplniprc
410 3742 494 3809 dixi,
515 3751 546 3795 et
573 3741 736 3843 hic-dico.
766 3773 797 3783 -
822 3743 854 3811 6)
884 3742 940 3794 libri
966 3742 1097 3795 dubitat
