2460 4162
404 207 459 268 DE
482 206 758 271 consumerem

413 399 645 493 carrrurou
665 400 750 460 vm.

300 540 400 617 Quam
421 559 514 616 prave
533 548 688 616 peccatum
708 544 746 599 sit
766 558 871 599 curuo.

125 679 330 743 NOVICIUS:
359 680 482 740 Videtur
507 679 577 737 mihi
605 697 692 738 usura
720 686 871 754 peccatum
893 696 957 740 esse
978 681 1100 741 multum

57 786 159 847 grave,
182 774 211 828 et
231 768 269 826 ad
292 766 502 826 emendandum
517 766 637 825 difficile.
669 765 905 826 MONACHUS:
928 767 1013 827 Juste
1034 786 1100 828 mo-

57 859 145 917 ueris.
188 855 254 914 Non
276 844 320 913 est
331 853 448 929 aliquod
469 860 627 930 peccatum,
651 857 719 927 quin
732 853 904 929 quandoque
916 851 932 935 ¹)
955 858 1100 932 quiescat3

57 960 150 1003 usura
177 959 246 1001 vero
276 959 424 1016 nunquam
449 959 468 998 a
489 947 608 1016 peccato
640 947 741 999 cessat
785 941 952 1000 Dormiente
986 942 1099 1002 domino

58 1047 113 1090 auo
136 1031 201 1105 ipsa
212 1046 273 1088 non
284 1029 394 1102 dormit,
416 1027 468 1086 sed
486 1044 599 1101 semper
614 1030 716 1086 crescit
738 1034 766 1086 ct
788 1028 924 1086 ascendit.
967 1029 1099 1089 Difficilis

57 1124 105 1177 cst
133 1115 173 1175 ad
202 1114 428 1189 emendandum,
456 1117 523 1189 qnia
550 1114 631 1172 Deus
653 1131 711 1172 non
734 1115 848 1172 dimittit
870 1122 980 1173 reatum
989 1112 1024 1193 ²),
1045 1120 1100 1175 nisi

57 1206 226 1263 restituatur
247 1203 384 1261 ablatum.
426 1201 608 1274 Fomioator,
635 1201 761 1275 adulter,
783 1201 934 1276 homicida,
955 1207 1100 1277 periurus,

58 1290 262 1365 blasphemus,
291 1305 360 1347 mox
380 1294 413 1345 ut
434 1287 470 1347 de
492 1291 617 1363 pcccatis
639 1290 698 1346 suis
721 1294 918 1362 conteruntur,
947 1289 1100 1367 hidulgen·

57 1380 172 1437 tiama
198 1376 263 1435 Deo
288 1383 515 1450 consequuntur3
544 1377 687 1432 usurarius
710 1393 794 1448 vero,
827 1375 894 1434 licet
922 1375 957 1434 de
978 1366 1099 1452 peccato

56 1460 146 1543 sno⁸)
169 1463 273 1538 doleat,
293 1469 391 1521 tamen
414 1462 550 1536 quamdiu
571 1479 687 1519 usuram
709 1469 795 1536 tenet,
818 1480 883 1521 cum
904 1467 995 1537 possit
1016 1466 1100 1524 resti-

57 1560 151 1625 tuere,
171 1551 212 1609 nil
230 1552 413 1623 consequitur
425 1548 626 1624 indulgentiae.
669 1546 871 1608 NOVICIUS:
901 1549 977 1624 Quid
998 1553 1022 1609 si
1042 1553 1101 1610 iam

59 1656 182 1697 usuram
199 1638 364 1711 consumsit,
386 1635 434 1695 vel
454 1635 550 1694 liberis
569 1637 628 1693 suis
651 1635 800 1709 distribuit,
822 1635 861 1692 nil
882 1635 993 1695 habens
1014 1654 1101 1712 prae·

57 1732 105 1787 ter
125 1727 323 1800 possessiones
337 1721 448 1781 iustas?
492 1720 726 1781 MONACHUS:
749 1722 817 1779 Illas
835 1729 947 1781 tenetur
967 1723 1100 1799 vendere,

59 1820 91 1871 ct
119 1813 251 1888 rapinam
279 1809 407 1869 reddere.
449 1807 651 1868 NOVICIUS:
680 1808 755 1884 Quia
782 1808 933 1885 Episcopi,
962 1812 1010 1885 qui
1035 1817 1102 1869 sunt

55 1898 257 1959 Ecclesiamm
277 1897 397 1973 praelati
425 1902 454 1954 et
475 1895 682 1970 speculatores,
711 1898 844 1953 usurariis
875 1899 1100 1973 communicant,

57 1992 91 2047 et
118 1985 160 2045 ad
187 1984 363 2061 sepulturam
396 1982 586 2041 Christianam
614 1984 767 2057 recipiunt,
796 1982 901 2042 idcirco
931 1984 1101 2044 multisunt
1187 2034 1195 2043 .

56 2072 157 2133 hodic.
199 2069 433 2135 MONACHUS:
462 2069 494 2128 Si
515 2069 693 2128 solummodo
715 2072 785 2127 vitia
807 2070 861 2128 sibi
883 2074 1100 2131 commissorum

58 2158 281 2231 dissimularent,
303 2164 332 2216 ct
346 2174 403 2216 non
417 2159 462 2225 eis,
474 2156 576 2214 similia
589 2156 723 2230 lacerent,
736 2157 883 2215 tolerabile
899 2165 982 2217 esset.
1026 2158 1099 2234 Qui-

57 2246 131 2307 dam
151 2245 359 2322 Episcoporum
372 2251 433 2302 tam
445 2260 549 2319 graves
570 2245 600 2301 in
621 2243 735 2318 plebem
757 2243 812 2302 sibi
832 2245 992 2304 subiectam
1013 2245 1100 2305 hodie

56 2336 171 2395 ndum
192 2334 368 2405 excederes,
395 2333 470 2389 sicut
489 2346 630 2405 personae
652 2330 821 2389 saeculares.
865 2331 917 2389 [sti
939 2338 1005 2390 sunt
1027 2331 1099 2391 ficus
1176 2372 1180 2379 -

57 2420 173 2495 malm,
201 2419 295 2479 malae
317 2414 438 2496 valdel).
480 2416 574 2476 Valde
596 2416 754 2476 timendum
776 2424 821 2475 est
842 2418 962 2493 tahbus,
984 2436 1021 2477 ne
1044 2420 1097 2478 sibi

57 2507 214 2571 cathedras
245 2507 417 2581 praeparent
444 2506 523 2562 iuxta
551 2503 650 2562 sedem
677 2506 797 2562 usurarii
824 2507 854 2561 in
882 2506 1004 2579 inferno,
1033 2510 1099 2580 quia

56 2612 152 2657 usura
173 2599 203 2653 et
223 2595 386 2652 exactiones
406 2591 550 2650 violentae
577 2591 617 2648 nil
639 2590 716 2649 aliud
738 2597 805 2649 sunt
825 2593 879 2648 nisi
899 2592 1099 2666 praedationes

60 2690 93 2743 ct
106 2676 265 2758 rapinae⁶).
286 2677 489 2738 NOVICIUS:
514 2678 665 2753 Quomodo
684 2678 781 2736 ualere
799 2685 918 2752 possent
925 2675 946 2758 ⁶)
961 2680 1100 2754 membra,

57 2770 185 2829 ubitam
197 2766 308 2825 infirma
319 2772 385 2824 sunt
398 2763 513 2840 capita?
527 2762 763 2824 MONACHUS:
780 2763 938 2823 Occasione
952 2765 1037 2824 huius
1051 2785 1100 2826 se-

58 2856 107 2917 dis
133 2854 267 2915 recordor
296 2852 445 2912 cuiusdam
465 2852 622 2927 parabolae
644 2870 662 2910 a
684 2851 810 2927 quodam
830 2851 974 2928 Episcopo
997 2852 1100 2914 diotae.

428 3008 659 3068 CAPITULUM
680 3009 736 3067 IX.

187 3150 235 3208 De
253 3147 404 3225 parabola
425 3147 556 3223 Lapoidi
583 3147 808 3206 Wormacicncir
829 3148 975 3224 Episcopi.

128 3290 164 3349 ln
185 3288 350 3347 ll'ormacia
377 3294 444 3346 ante
471 3304 580 3362 paucos
603 3304 692 3345 annos
716 3287 832 3361 quidam
853 3288 1014 3363 Episcopus
1036 3291 1104 3364 suit,

55 3380 179 3439 nornine
193 3375 349 3451 Lupoldus‚
371 3375 432 3434 solo
447 3373 562 3449 quidem
577 3377 691 3432 nomine
712 3374 882 3449 Episcopus,
905 3393 990 3451 opere
1004 3385 1101 3436 autem

76 3498 112 3567 1)
132 3495 170 3545 ric
187 3490 360 3544 emendacio
378 3489 461 3560 quod
479 3491 670 3559 quandoque
688 3507 765 3553 non,
783 3490 804 3541 ll
823 3490 905 3559 quod
924 3508 986 3542 non
1004 3507 1101 3560 quan·

134 3562 258 3631 doque,
275 3561 382 3613 saucit
400 3563 462 3612 nisi
480 3561 683 3630 quandoque.
704 3561 774 3612 Coni.
794 3561 823 3624 ll,
843 3563 883 3612 17.
896 3561 939 3625 lV,
958 3562 997 3613 15.
1018 3593 1048 3601 -
1068 3563 1101 3629 2)

133 3632 177 3685 Bi)
195 3640 371 3699 peccatum.
397 3660 427 3670 -
448 3632 480 3698 3)
498 3630 561 3683 ΑὓΡ
580 3632 726 3698 peccatis
746 3633 821 3682 suis.
847 3661 876 3670 -
898 3633 929 3698 4)
947 3630 1038 3683 ierem.
1058 3632 1101 3695 2l,

133 3704 204 3755 3.-
223 3701 256 3768 5)
273 3701 357 3753 ABlil’
375 3709 450 3753 sunt
467 3718 555 3770 qnam
573 3701 716 3769 rapinae.
733 3731 762 3740 -
783 3702 815 3770 6)
833 3701 853 3756 C
871 3702 1009 3754 robusta
1028 3717 1103 3770 pos-

133 3780 208 3825 sent
224 3785 307 3825 erre.
