2438 4170
347 192 352 202 ’
418 240 473 300 nn
494 239 781 302 snrenrcrruue.
1052 241 1112 299 aar
1174 232 1176 239 “

71 350 231 423 ”titane
273 359 411 438 Quotiens
436 365 578 423 neminem
606 366 694 423 sensit
721 380 785 423 esse
805 364 836 421 in
857 364 994 438 coquina,
1021 363 1115 438 ipsam

71 435 207 508 'tentor
225 449 341 524 intrem,
363 455 392 509 et
404 467 607 525 nonnunquam
628 456 714 509 nacta
732 452 882 509 occasione
903 466 1008 525 pueros
1031 452 1115 508 emit-

71 518 160 604 ι9118,
191 535 270 595 scala
296 539 508 611 suspensorium
534 536 673 611 aseendit,
707 543 736 595 et
766 553 801 596 ex
830 553 865 595 ea
892 542 974 611 parte
995 553 1115 611 pernas,

74 614 135 699 {1¹¹⁸
162 637 245 681 muro
267 624 522 700 coniungebantur,
544 641 643 683 omues
664 640 738 699 pene
759 638 852 698 usque
873 623 911 681 ad
932 621 1115 682 medietatem

75 697 190 789 illudit,
231 707 411 768 Antoniorum
431 727 499 769 vero
520 713 660 787 integram
681 709 808 785 reliquit,
836 715 869 769 nt
895 709 1015 768 aliarum
1042 711 1114 769 inci·

80 786 180 853 &unes
200 793 367 855 celarentur.
409 796 470 855 Ista
490 796 613 856 iaciebat
633 812 685 872 per
707 797 767 855 dies
789 796 906 870 multos,
938 813 1038 855 carnes
1059 796 1115 856 ab·

81 868 174 939 “ihus
194 881 300 957 viduis,
329 885 426 960 egenis
447 890 534 958 atque
555 883 668 959 pupillis
691 884 868 942 distribuens.
913 882 988 958 Quid
1009 882 1114 959 plura?

83 942 214 1055 'dandam
240 968 346 1028 furtum
361 964 406 1028 'rei
426 970 569 1028 familiaris
592 972 785 1045 cognoscitur,
814 970 858 1027 sur
880 973 1035 1044 quaeritur,
1064 969 1115 1029 sed

85 1047 168 1112 iiliius
194 1056 342 1114 invenitur.
384 1056 465 1114 Furit
492 1057 626 1130 clericus,
654 1056 717 1114 silet
737 1056 889 1129 necamus,
918 1063 947 1115 et
975 1074 1041 1116 cum
1068 1057 1115 1116 ille

85 1120 202 1199 flauum
222 1143 415 1217 praebendam
428 1151 457 1202 et
477 1146 564 1202 totius
586 1144 652 1202 anni
664 1141 791 1200 subsidia
813 1159 843 1200 se
864 1142 1021 1216 perdidisse
1043 1161 1115 1202 con-

88 1227 263 1302 quaeretur,
285 1231 329 1288 vir
349 1237 464 1289 sauctus
491 1231 586 1289 verbis
617 1229 720 1304 quibus
741 1231 834 1304 potuit
854 1246 920 1288 eum
942 1229 1029 1289 lenire
1051 1238 1114 1288 stn-

88 1298 162 1388 duit,
182 1313 294 1374 dicens:
314 1316 397 1374 Bone
418 1324 550 1392 cognate,
568 1317 668 1375 melius
691 1321 786 1375 estut
807 1315 951 1375 modicum
973 1316 1114 1376 desectum

87 1400 215 1476 uatem,
248 1418 335 1476 quam
362 1419 503 1477 pauperes
530 1403 605 1462 fame
622 1401 638 1483 ¹)
665 1406 827 1462 moriantur.
870 1403 950 1463 Bene
977 1405 1028 1461 tibi
1049 1403 1114 1462 Do-

86 1487 178 1563 minus
199 1490 336 1550 restituet.
382 1489 493 1564 Quibus
514 1491 608 1549 verbis
625 1489 755 1565 placatus
770 1492 867 1549 tacuit.
898 1489 965 1548 Alio
987 1497 1113 1565 tempore

86 1580 171 1632 eunte
191 1590 225 1632 eo
247 1574 284 1633 ad
306 1581 437 1634 sanctum
459 1574 633 1649 (iasonem,
659 1584 732 1650 puto
762 1576 840 1651 qnod
868 1578 898 1633 in
926 1577 1114 1636 sollemnitate

82 1654 166 1719 fuerit
186 1661 313 1720 eiusdem
325 1661 469 1738 Martyris,
491 1678 600 1737 pauper
614 1679 680 1720 eum
700 1664 866 1737 importunis
881 1662 1050 1722 elamoribus
1065 1680 1114 1722 se-

83 1746 239 1823 quabatur,
261 1754 289 1806 et
311 1766 375 1807 cum
396 1766 454 1807 non
474 1748 594 1807 haberet
615 1748 692 1823 quod
712 1749 751 1805 illi
773 1748 840 1807 dare
861 1755 977 1824 posset,
998 1749 1114 1808 schola-

81 1847 145 1893 rem
172 1850 203 1893 se
231 1841 398 1909 sequentem
422 1835 570 1909 paululum
591 1834 760 1894 antecedere
781 1837 870 1893 iussit.
913 1835 1114 1911 secedensque

82 1922 113 1979 in
133 1920 270 1997 angulum
290 1924 370 1981 iuxta
391 1923 540 1981 ecclesiam
562 1923 663 1980 beatae
685 1922 741 1980 Dei
762 1923 904 1997 gemtricis
925 1922 1043 1997 Mariae,
1063 1924 1114 1981 ubi

83 2006 232 2083 Episcopie
240 2010 269 2067 iu
282 2008 326 2068 die
338 2009 502 2068 Palmamm
516 2007 726 2068 consuetudinis
739 2014 783 2067 est
793 2008 900 2083 populo
914 2010 1006 2068 iacere
1019 2008 1114 2067 indul·

82 2097 216 2171 gentiam,
230 2097 297 2170 quia
307 2096 393 2155 aliam
403 2103 513 2155 vestem
528 2112 630 2154 exuere
642 2113 699 2154 non
713 2096 813 2169 potuit,
825 2097 979 2169 aspiciente
989 2112 1115 2170 paupere

82 2180 230 2241 femoralia
251 2183 422 2258 enecabit,
452 2189 480 2241 et
509 2182 610 2241 cadere
640 2183 745 2240 dimisit
755 2178 785 2261 ²).
829 2181 910 2257 Quae
930 2182 978 2241 ille
998 2183 1113 2256 levans,

83 2268 213 2344 mudena
235 2268 372 2328 discessit.
416 2269 509 2345 Quam
531 2272 664 2328 virtutem
686 2287 751 2328 eum
772 2270 816 2328 vir
837 2275 952 2329 sanctus
970 2269 1114 2332 occultare

83 2354 184 2429 vellet,
206 2361 277 2415 nutu
291 2356 354 2415 xDei
376 2356 425 2414 tali
447 2358 597 2416 occasione
617 2358 711 2432 posito
733 2363 776 2416 cst
798 2373 883 2431 super
905 2356 1114 2430 candelabrum,

84 2446 117 2499 nt
136 2444 257 2518 posteris
279 2448 354 2501 esset
374 2445 402 2499 in
417 2443 586 2518 exemplum.
625 2444 769 2507 Reversus
792 2440 837 2522 αθ)
860 2450 960 2502 sancto
976 2443 1115 2516 Gereone,

84 2544 150 2587 cum
171 2527 209 2588 ad
230 2546 336 2604 prunas
357 2530 482 2604 sederet,
503 2534 556 2588 nec
577 2530 728 2603 pelliceum
750 2547 781 2588 se
804 2529 989 2588 calefactums
1010 2540 1115 2588 secun-

85 2612 153 2673 dnm
172 2615 404 2677 consuetudinem
417 2616 534 2695 levaret,
557 2615 626 2673 dixit
647 2619 673 2674 ei
691 2615 1027 2691 praefatusFredericus:
1054 2616 1114 2674 Le·
1153 2656 1154 2660 ,

85 2707 151 2761 vate
163 2701 322 2785 pelliceum,
344 2708 373 2760 et
387 2703 532 2761 calefacitc
545 2718 605 2760 vos.
637 2701 706 2760 Erat
724 2704 798 2760 enim
818 2701 918 2777 frigus,
938 2709 967 2760 et
986 2704 1048 2777 ipse
1066 2719 1114 2761 se-

85 2803 140 2847 nex
159 2788 246 2847 homo
269 2795 336 2847 erat.
377 2789 580 2864 Respondente
597 2805 646 2846 co:
671 2788 736 2845 Non
757 2794 800 2867 eet
819 2804 949 2863 necesse;
971 2789 1116 2848 subiunxit

85 2872 139 2933 uie
167 2874 244 2934 Satis
258 2882 328 2950 puto
351 2876 427 2949 quod
444 2892 502 2933 non
516 2875 646 2933 habeatis
660 2874 771 2947 bracas,
791 2874 847 2932 hoe
861 2877 954 2949 ipsum
968 2877 997 2932 in
1010 2876 1114 2935 rubore

86 2960 181 3021 vuius
203 2963 263 3020 eius
285 2962 474 3021 considerans.
517 2961 647 3025 Tandem
667 2961 714 3019 ille
736 2961 881 3020 confessus
904 2969 955 3035 est,
977 2962 1031 3020 sibi
1051 2962 1115 3022 ilias

85 3044 250 3128 delapsas&
270 3048 370 3124 fuisse,
398 3051 486 3107 tacita
513 3051 626 3106 virtute.
668 3046 717 3105 Ad
745 3046 821 3122 quod
854 3048 973 3106 verbum
995 3047 1114 3108 clericus
1167 3078 1179 3104 e

82 3136 158 3211 risit,
190 3152 243 3210 per
272 3137 351 3194 cuius
383 3152 415 3194 os
446 3135 519 3194 haec
540 3134 685 3210 publicata
705 3140 778 3193 suut.
820 3133 1023 3194 NOVIOIUS:
1044 3135 1115 3195 Tale

83 3218 192 3298 aliquid
212 3239 270 3282 non
291 3221 393 3298 legitur
420 3224 450 3280 in
471 3224 542 3280 actis
555 3218 574 3301 ⁶)
604 3222 694 3279 sancti
717 3220 840 3280 Martini.
883 3221 953 3280 Plus
973 3221 1025 3280 fuit
1045 3222 1115 3282 bra·

84 3325 134 3369 eas
165 3308 250 3384 dare,
283 3327 369 3384 quam
397 3309 513 3384 pallium
548 3307 680 3366 dividere.
729 3305 963 3368 MONACHUS:
995 3309 1116 3384 Propter

82 3393 157 3457 haec
179 3395 292 3472 aliaque
314 3394 358 3454 his
380 3395 482 3454 similia
502 3389 628 3474 sacta⁶)‚
661 3393 776 3470 quidam
798 3394 941 3469 dixerunt,
968 3413 1115 3470 nunquam

103 3597 134 3666 1)
152 3598 233 3651 ieme
255 3598 305 3650 add
327 3599 357 3651 1).
378 3628 408 3639 -
436 3598 468 3667 2)
489 3597 509 3650 B
532 3599 689 3664 permisit.
709 3627 740 3637 -
759 3597 791 3666 3)
815 3596 835 3650 0
858 3597 903 3650 de.
924 3627 954 3638 -
978 3598 1011 3666 4)
1028 3597 1115 3651 ΑΒΟΙ)

154 3666 308 3735 dilapsas.
328 3698 358 3708 -
378 3668 409 3735 5)
427 3667 447 3720 C
465 3667 600 3719 actibus.
618 3696 648 3706 -
668 3667 700 3735 6)
717 3667 762 3719 ΑΙ)
779 3668 911 3736 aliaque
928 3668 1000 3719 eius
1018 3670 1115 3718 etiam

154 3738 257 3804 iactu,
280 3738 340 3791 Pilli
358 3738 488 3806 aliaque
507 3739 577 3789 eius
594 3736 698 3803 tecta,
720 3739 834 3803 etiam,
857 3737 878 3790 B
896 3737 1026 3805 aliaque
1044 3740 1116 3789 eius

154 3807 255 3873 iacta,
271 3807 291 3862 0
309 3807 438 3877 aliaque
455 3809 526 3859 eius
545 3822 649 3873 opera.
