2460 4162
156 218 217 279 ros
253 202 256 215 ’
361 192 363 197 '
467 217 695 282 nnnuuouo
713 218 878 299 Qunam

157 357 189 400 se
209 341 240 398 in
260 339 334 400 lecto
356 335 449 422 suo1).
491 341 584 402 Nocte
606 342 730 418 quadam
755 330 793 402 ad
814 345 896 421 signa
915 341 1047 404 nolarum
1067 360 1191 422 surgen-

155 427 233 485 tibus
262 429 362 486 ceteris
383 429 528 503 omnibus,
557 430 814 506 festinantibusque
841 430 1029 498 addivinum
1051 431 1191 507 officinm,

160 530 226 572 cum
246 513 293 573 ille
316 531 431 590 surgere
452 521 589 590 tentaret,
618 516 727 576 audivit
748 516 859 576 desub
880 516 969 592 lecto,
996 516 1117 592 quando
1137 521 1191 578 ito-

155 616 220 658 rum
230 606 346 661 vetante
360 601 470 660 accidia
483 619 515 661 se
528 600 714 683 reclinarct2),
735 620 838 662 rocem
854 603 1000 679 quandam
1014 606 1192 681 incognitam

158 685 234 746 clare
262 690 330 747 satis
358 689 413 747 sibi
440 688 595 748 dicentem:
624 689 691 748 Noli
716 707 847 767 surgere,
874 688 934 750 noli
953 689 1090 750 sudorem
1111 697 1192 751 tuum

155 766 372 849 interrumpere,
400 777 466 849 quia
493 793 552 834 non
581 774 696 851 expedit
715 777 775 834 tibi.
818 776 900 836 Tunc
916 779 1044 852 primum
1065 780 1192 837 sentiens

155 859 211 919 sibi
230 878 249 919 a
266 860 379 920 diabolo
400 878 454 936 per
474 864 576 921 vitium
596 863 723 922 accidiae
745 880 808 922 esse
828 862 951 938 illusum,
972 880 991 922 a
1007 863 1191 939 phantastico

154 945 203 1004 illo
218 946 322 1006 sudore
336 965 367 1007 se
383 951 515 1022 excussit,
527 965 590 1008 nec
602 955 703 1023 postea
716 955 796 1008 tanto
817 952 924 1025 torpori
936 949 1020 1009 facile
1038 953 1192 1011 consensit.

155 1031 221 1092 Hoc
242 1036 325 1109 scias,
347 1037 485 1109 quianon
502 1039 672 1111 permittitur
693 1035 823 1096 diabolus
844 1054 897 1096 nos
918 1042 1030 1095 tentare
1051 1043 1192 1113 quantum

157 1119 233 1193 vult,
266 1127 294 1180 et
316 1120 453 1195 quamdin
473 1122 550 1197 vult,
571 1139 607 1181 ne
630 1122 742 1198 decepti
763 1124 800 1181 ab
822 1122 870 1182 illo
892 1139 1073 1207 pereamusj
1096 1123 1192 1200 Saepo

154 1208 276 1282 invitus,
303 1209 408 1266 virtute
436 1207 533 1268 divina
559 1209 738 1284 compulsus,
766 1209 811 1269 his
840 1226 913 1285 quos
933 1215 1027 1270 tentat
1046 1210 1192 1273 fallaciam

156 1309 239 1353 suam
260 1294 430 1354 manifestat.

488 1450 720 1511 CAPITULUM
739 1451 861 1511 XXIX.

139 1569 147 1580 '
232 1573 281 1631 De
301 1573 459 1648 sacerdote,
481 1576 529 1633 cut
549 1576 581 1632 ic
603 1576 738 1632 oratione
759 1574 934 1632 dormitanti
954 1573 1115 1650 catolicae

493 1731 497 1739 Ι
529 1660 651 1719 dorsum
674 1658 814 1719 vambai

219 1779 360 1840 Sacerdos
389 1780 505 1857 quidam
534 1798 570 1840 ex
595 1781 743 1840 monachis
771 1782 876 1840 nostris
904 1779 1005 1840 solitus
1032 1779 1090 1858 fnit
1109 1780 1191 1843 dict's

155 1869 301 1927 matutinis
322 1870 351 1925 in
371 1867 420 1927 illo
441 1867 606 1942 intervallo,
632 1884 689 1943 quo
711 1868 811 1927 fratres
832 1866 926 1926 solent
945 1884 1050 1928 vacare
1071 1870 1192 1929 orafioni

155 1952 203 2013 vel
214 1953 340 2029 psalmis,
361 1971 447 2029 super
459 1972 548 2012 unam
561 1953 671 2013 sedium
686 1971 717 2013 se
740 1954 891 2030 deponere,
912 1959 942 2012 et
960 1956 1035 2013 inter
1055 1957 1192 2017 orationis

155 2041 247 2098 verba
273 2040 432 2100 dormitare.
475 2040 583 2100 Volens
612 2041 652 2098 illi
679 2041 822 2100 Dominus
851 2039 1014 2115 ostendere,
1043 2043 1115 2117 qnia
1141 2041 1192 2102 tali

155 2125 234 2200 hora,
257 2133 285 2186 et
302 2130 425 2186 maxime
446 2129 476 2184 in
497 2127 548 2187 tali
568 2126 641 2201 loco,
663 2144 720 2186 non
743 2134 818 2187 esset
840 2126 1059 2202 dormitandum,
1088 2128 1144 2188 sed
1163 2131 1192 2187 in

156 2215 283 2273 oratione
304 2213 495 2289 vigilandum,
524 2216 655 2289 apparuit
682 2217 712 2271 in
738 2231 821 2274 cruce
845 2206 916 2294 ‘ei³),
938 2230 1020 2274 verso
1044 2214 1131 2275 dorso
1152 2214 1190 2274 ad

153 2298 249 2374 illum,
280 2305 313 2358 ut
346 2299 439 2359 dicere
468 2300 625 2359 videretur:
670 2300 744 2375 Quia
766 2301 879 2377 tepidus
902 2317 932 2360 es
954 2307 983 2360 et
1013 2301 1192 2377 accidiosus,

155 2404 214 2445 non
241 2404 272 2446 es
301 2385 403 2462 dignus
430 2387 532 2446 faciem
560 2403 655 2445 meam
683 2389 794 2446 intueri.
836 2387 876 2446 Et
906 2387 962 2447 hoc
991 2387 1047 2447 sibi
1075 2390 1193 2465 saepius

156 2470 334 2561 contigissei)
356 2480 477 2532 testatus
500 2479 551 2534 est.

472 2626 704 2700 cnrruunuu
724 2625 866 2710 nnnc)

249 2750 297 2842 Dc
319 2749 528 2811 tentationibus
550 2757 578 2809 ct
598 2749 758 2810 visionibus
782 2749 940 2810 &madunt
960 2751 1098 2810 monachi

513 2838 605 2896 Vallis
632 2841 727 2917 cuncti
747 2839 841 2896 Petri.

220 2955 304 3016 Alius
325 2957 441 3031 quidam
453 2958 658 3018 monachorum
679 2964 849 3033 nostrorum,
874 2957 1050 3017 Christianus
1066 2961 1191 3035 nomine,

154 3049 249 3103 aetate
277 3042 392 3118 quidem
419 3047 542 3120 iuvenis,
571 3044 622 3104 scd
650 3047 727 3105 vitae
755 3051 816 3104 tam
846 3047 1041 3104 sanctissimae
1062 3045 1132 3122 fuit,
1159 3054 1191 3105 ut

155 3147 229 3189 unus
258 3129 419 3190 crederetur
447 3131 483 3189 de
511 3134 630 3206 sanctis,
660 3135 709 3207 qui
730 3133 846 3190 suntin
867 3138 943 3190 terra
963 3132 1089 3190 Domini
1133 3132 1191 3193 Hic

105 3230 110 3239 ·
156 3233 274 3292 corpore
308 3223 368 3275 tam
401 3216 500 3276 debilis
533 3224 605 3292 erat,
632 3223 664 3276 ut
692 3235 758 3277 eum
786 3221 884 3278 vivere
912 3217 1048 3277 taederet.
1094 3217 1190 3280 Nocte

155 3303 280 3379 quadam
307 3302 388 3363 dictis
409 3306 553 3363 matutinis
574 3321 666 3380 usque
688 3304 726 3363 ad
746 3304 862 3380 laudes,
890 3307 977 3379 capiti
997 3321 1049 3364 suo
1071 3322 1190 3381 parcere

156 3390 272 3464 volens,
299 3407 385 3465 super
405 3391 513 3467 lignum
536 3397 603 3450 ante
625 3391 769 3467 quoddam
790 3392 879 3451 altare
902 3408 933 3451 se
953 3393 1115 3468 prostravit,
1135 3393 1189 3453 sub

172 3507 202 3576 1)
220 3505 338 3558 Proverb.
357 3507 400 3571 26,
419 3507 460 3558 14.
480 3537 511 3547 -
522 3507 554 3573 2)
572 3507 615 3571 tx,
632 3508 663 3558 9:
683 3507 798 3574 „quando
811 3507 943 3560 iuvencnla
956 3524 1033 3573 eram,
1050 3508 1189 3562 ethortnm

223 3574 387 3627 excolendum
406 3579 660 3643 suscepissemf‘*
670 3577 764 3628 Mutato
783 3576 909 3645 quando
923 3580 948 3629 in
966 3587 1013 3643 ct,
1030 3578 1109 3630 uerba
1128 3582 1190 3632 ite-

222 3663 288 3698 rum
312 3675 343 3685 -
368 3644 555 3697 reclinaret
578 3648 604 3697 in
622 3646 664 3700 Bc
682 3655 741 3697 ante
763 3646 895 3698 audivit
919 3651 1000 3715 posita
1018 3657 1085 3700 sunt
1104 3650 1172 3702 -3

221 3715 290 3768 cin
308 3731 401 3767 cruce
418 3714 479 3780 illi,
497 3715 562 3768 Auo
581 3718 608 3766 ei
630 3718 662 3767 in
680 3731 784 3768 cruce.
798 3746 828 3756 —
841 3717 903 3785 4313
920 3716 1096 3772 accidisse.
1109 3720 1173 3760 -θ

221 3784 311 3840 nomn.
328 3785 348 3838 1.
365 3801 390 3855 p.
411 3785 468 3838 ιιι.
486 3785 527 3838 ιιι.
545 3801 570 3854 p.
593 3785 650 3838 ιιι.
