2438 4170
138 255 200 312 ero
460 250 858 330 nrsrnvcrroourvrn

136 375 225 435 iocosi
235 373 357 432 fonnem
367 390 525 447 assumens,
539 391 656 432 manum
671 375 731 434 eius
746 376 844 450 tenuit,
858 379 888 434 et
900 368 1135 434 modicumsrndt
1195 353 1213 395 ᾗ

137 461 192 521 Oui
213 478 279 520 cum
308 460 428 534 diceret,
462 461 570 519 dimitte
591 478 653 537 me,
681 478 749 520 mox
766 459 856 519 'illum
883 479 943 521 non
968 462 1043 520 vidit
1080 459 1137 536 Quae
1197 421 1211 516 I

137 550 232 608 statim
253 546 328 606 male
350 547 456 606 habere
479 550 587 623 coepit,
616 548 737 607 feminae
765 550 897 623 sequenti
918 546 1075 609 se'dicens:
1092 544 1140 606 Sor·

138 653 191 694 vus
211 633 259 693 ille
274 637 441 709 compressit
461 652 516 709 me,
540 641 568 693 et
590 652 656 694 ecoe
679 653 715 693 ex
735 635 791 694 hoc
812 634 935 695 defectio
958 635 1047 695 cordis
1064 634 1144 694 inruit
1209 695 1213 705 ,

136 739 191 782 me.
222 721 344 780 Dicente
358 720 414 795 illa,
435 738 619 796 nequaquem
634 721 681 780 hic
694 722 758 797 fuit3
780 721 928 805 respondit
945 728 1084 782 matrona:
1100 721 1146 804 Iun
1210 710 1213 732 ¹

137 811 306 883 certissime,
336 810 404 866 satis
432 810 507 866 enim
534 815 666 883 proterve
694 811 819 884 respexit
847 826 903 868 me.
947 809 1151 885 Vadensquein

137 896 253 955 domum
265 913 348 955 suam
370 895 443 954 lecto
460 894 603 970 decubuit,
625 900 655 953 et
674 901 740 971 post
753 913 862 970 paucos
885 895 947 955 dies
966 895 1097 957 defuncta
1113 901 1154 956 est

453 1084 686 1145 CAPITULUM
710 1085 846 1145 XXXII.

156 1210 232 1267 Item
254 1208 290 1266 de
311 1209 432 1265 muliere
453 1211 486 1265 tn
507 1210 576 1278 Arc,
603 1226 681 1281 quoe
702 1226 722 1264 a
744 1207 861 1267 diabolo
883 1209 1067 1283 amplarum,
1083 1217 1148 1285 post

434 1312 548 1368 pouces
570 1295 629 1352 dies
658 1294 799 1370 defunctu
821 1301 870 1354 est

200 1414 313 1472 Mulieri
349 1414 462 1473 cuidam
497 1417 577 1474 iuxta
609 1420 734 1474 castrum
764 1414 825 1474 Are
861 1419 1056 1477 commanenti
1070 1414 1088 1498 Ι)
1117 1417 1170 1478 hoc

134 1518 209 1560 anno
239 1501 329 1560 simile
356 1504 482 1578 contigit.
524 1501 607 1562 Haec
630 1520 695 1561 curn
717 1504 850 1560 maritum
870 1502 994 1562 haberet
1015 1505 1172 1579 ebriosum,

133 1587 213 1647 nulla
233 1590 436 1663 praesumebat
456 1595 540 1648 nocte
562 1591 602 1647 ire
625 1589 793 1663 dormitum,
823 1584 914 1649 donec
942 1590 991 1650 ille
1014 1608 1034 1650 a
1055 1592 1173 1652 taberna

134 1674 245 1734 rediret.
290 1675 370 1751 Quae
394 1676 461 1733 dum
482 1694 541 1734 una
562 1677 705 1751 noctium,
729 1681 814 1751 pasta
835 1675 873 1734 ad
896 1677 1065 1751 coquendos
1086 1695 1172 1754 panes

133 1768 313 1839 praeparata,
335 1762 496 1822 anteferes
519 1762 620 1822 domus
643 1780 712 1821 suae
734 1761 810 1821 lassa
832 1763 952 1837 sederet,
974 1766 1029 1823 viri
1043 1773 1172 1841 praesto·

133 1849 196 1909 lans
218 1848 390 1922 adventum,
423 1849 494 1908 duos
523 1852 552 1906 in
580 1848 653 1908 albis
682 1851 810 1909 vestibus
832 1849 870 1908 ad
891 1867 924 1909 se
945 1854 1046 1911 venire
1067 1848 1171 1935 vidit2).

133 1936 168 1995 In
190 1939 271 1995 cuius
293 1936 441 2011 amplexus
464 1936 532 1994 dum
553 1954 627 1994 nnus
644 1936 757 1994 illorum
777 1943 881 2012 rueret,
903 1953 1028 2013 eamque
1052 1939 1171 2000 brachiis

134 2025 293 2099 stringeret,
314 2023 362 2081 illa
385 2023 534 2098 clamante,
555 2024 641 2082 ambo
661 2024 866 2098 disparuerunt.
900 2023 984 2100 Quae
1005 2027 1036 2083 in
1060 2025 1171 2086 domum

133 2111 253 2186 fugiens,
274 2127 342 2168 mox
364 2116 396 2167 ut
416 2110 512 2168 lumen
526 2110 614 2185 sidit,
635 2128 734 2169 amens
752 2111 828 2168 facta
850 2114 914 2185 ruit,
935 2110 1086 2187 filiamque
1105 2129 1169 2189 pro·

133 2199 225 2272 priam
246 2199 275 2254 in
298 2197 451 2255 clamorem
473 2200 622 2256 convertit.
665 2198 735 2256 Post
756 2214 864 2272 paucos
887 2197 948 2256 dies
965 2198 1102 2258 defuncta
1123 2205 1169 2259 est

133 2284 218 2356 Ecce,
241 2301 297 2357 quo
312 2283 368 2341 Dei
382 2284 485 2342 indicio
508 2284 576 2342 talia
593 2284 672 2357 fiant,
692 2301 808 2357 prorsus
826 2285 935 2358 ignoro.
969 2284 1168 2346 NOVICIUS:

132 2370 284 2429 Horrenda
306 2376 373 2427 sunt
393 2371 474 2429 haec.
517 2369 751 2429 MONACHUS:
779 2370 857 2429 Audi
878 2371 973 2446 aliud,
1004 2373 1084 2449 quod
1104 2375 1169 2433 eatis

133 2465 237 2516 terrere
259 2474 312 2516 nos
334 2461 445 2533 poterit,
468 2459 517 2532 qui
539 2457 657 2516 dicimur
677 2459 730 2516 viri
751 2458 883 2533 religiosi.

404 2717 408 2720 ,
451 2648 683 2707 CAPITULUM
704 2648 853 2707 XXXIII.

135 2772 208 2828 Item
231 2771 266 2828 de
288 2788 441 2842 converse,
465 2789 551 2845 quens
574 2770 708 2828 diabolus
729 2774 761 2828 in
781 2774 871 2844 specie
892 2772 1033 2829 monialis
1054 2770 1168 2829 meridie

241 2858 433 2916 decertantem
456 2859 632 2931 conspicerere,
656 2861 738 2914 intro
760 2857 893 2915 triduans
916 2861 1065 2916 cruciarit.

197 2977 338 3052 Tempore
361 2978 487 3052 quodam
513 2981 623 3037 aestivo
647 2980 790 3036 conversis
813 2978 919 3036 ordinis
941 2981 1032 3037 nostri
1053 2982 1082 3036 in
1104 2978 1167 3036 dor-

133 3065 243 3122 mitorio
267 3082 319 3122 suo
341 3065 457 3124 meridie
481 3066 700 3141 quiescentibus
723 3065 852 3123 diabolus
875 3067 903 3121 in
926 3068 1023 3140 specie
1042 3064 1168 3123 moniaIIs

132 3153 203 3225 nigri
218 3151 322 3209 ordinis
338 3152 512 3228 singulorum
530 3153 620 3211 lectos
630 3150 649 3230 ³)
668 3153 803 3210 circuivit.
835 3151 912 3210 Ante
930 3153 1074 3227 quosdam
1087 3153 1168 3223 stetit,

134 3238 275 3312 quosdam
309 3256 373 3296 curn
395 3240 574 3298 festinatione
605 3241 775 3314 praeterivit.
818 3239 944 3297 Veniens
966 3239 1005 3298 ad
1029 3239 1168 3315 quendam

132 3341 309 3398 conversum,
328 3333 393 3384 ante
408 3326 487 3385 illum
502 3344 533 3384 sc
545 3326 697 3399 inclinavIt‚
717 3332 744 3384 et
757 3325 878 3384 brachiis
892 3326 999 3384 collum
1012 3329 1073 3385 eius
1087 3327 1168 3385 siriu-

131 3429 202 3486 gens
221 3418 357 3486 tactuque
371 3416 528 3472 meretricio
545 3413 716 3486 demulcens
740 3412 838 3471 oscula
851 3414 880 3469 in
896 3414 955 3470 eius
971 3410 1051 3492 orei)
1067 3413 1168 3472 defixit

132 3498 218 3573 Quod
240 3518 305 3558 curn
321 3501 437 3574 quidam
450 3501 535 3559 frater
548 3500 696 3575 religiosus
710 3499 836 3574 vidisset,
859 3506 886 3557 ct
907 3499 956 3557 illa
974 3499 1169 3575 dIsparuisset,

131 3589 200 3644 satis
227 3594 287 3644 tarn
314 3586 349 3645 de
371 3605 493 3662 persona
515 3606 601 3663 quam
627 3587 662 3646 dc
684 3603 769 3662 opere
792 3588 869 3645 etin
891 3585 941 3645 teli
962 3585 1028 3646 loco
1051 3596 1167 3663 stupens

151 3754 181 3820 1)
199 3753 219 3803 Β
238 3755 396 3816 manenti,
414 3753 434 3804 C
451 3757 676 3805 commoranti.
698 3786 728 3794 -
748 3754 780 3823 2)
798 3753 818 3806 D
837 3755 1023 3820 conspexit.
1037 3785 1067 3792 -
1082 3754 1114 3821 3)
1125 3751 1168 3805 ΑΙ)

195 3823 291 3876 lecta.
314 3856 343 3864 -
365 3824 397 3894 t)
415 3823 500 3878 Acer
520 3840 584 3877 ora.
