2460 4162
406 186 760 301 DECONFESSIONE.
1040 241 1100 299 149

65 379 158 439 quem
176 360 249 421 infra
268 361 325 421 hoo
347 363 571 439 quinquennium
592 361 723 423 dominus
745 323 928 422 Innocentius
949 362 1032 439 Pap'a
1052 361 1115 441 tali,

64 448 157 509 modo
176 447 381 510 determinavit.

394 741 626 803 eremmon
646 703 783 802 xxxn.

110 881 161 941 De
180 881 334 955 monacho,
357 884 408 957 qui
429 885 491 941 siae
513 881 664 941 ordinibus
686 881 849 956 celebrauit,
872 888 901 941 et
922 882 1004 957 quod
1024 899 1060 942 eae

155 972 300 1027 sententio
319 968 484 1028 Innocenti
504 970 611 1044 Papae
633 970 719 1027 liceat
747 968 906 1044 eonfeeeom'
928 970 1017 1027 talem

284 1056 425 1130 modae,
447 1058 472 1114 et
492 1056 622 1114 noluerat
642 1056 723 1114 altro
745 1056 882 1131 confiteri.

131 1224 170 1285 In
190 1224 275 1286 domo
298 1226 423 1303 quadam
455 1227 560 1287 ordinis
582 1227 774 1287 cisterciensis
801 1227 959 1286 monachus
987 1226 1103 1301 quidam

65 1314 131 1373 sitne
149 1312 297 1373 ordinibus
318 1315 481 1374 celebravit.
523 1314 589 1373 Hoe
611 1332 677 1374 eum
699 1315 744 1374 die
768 1315 891 1389 quadarn
913 1313 1022 1372 Abbati
1049 1330 1101 1372 suo

66 1398 213 1460 retulisset
238 1402 267 1458 in
296 1401 484 1475 confessione,
516 1418 570 1461 nee
597 1407 694 1460 tamen
723 1418 835 1461 cessare
863 1400 951 1460 vellet
977 1419 996 1459 a
1023 1405 1104 1459 tanta

65 1488 289 1565 praesumtione,
308 1485 411 1547 Abbas
434 1487 533 1555 dolens
559 1505 594 1548 ac
621 1488 788 1563 lacrimans,
815 1494 849 1546 ut
878 1505 896 1546 a
924 1487 1104 1562 blasphemia

65 1578 129 1633 tam
148 1590 256 1649 magna
277 1573 433 1649 desisteret,
454 1577 589 1633 miserum
610 1577 730 1652 rogavit,
750 1577 860 1633 monuit
872 1570 888 1652 ¹)
912 1580 940 1632 et
950 1575 1103 1648 praecepit,

66 1658 122 1719 sed
141 1676 201 1718 non
221 1661 349 1735 proiecit
390 1661 444 1720 lile
467 1678 533 1720 vero
555 1664 658 1720 timens
680 1663 786 1736 notari,
818 1663 842 1718 si
865 1666 1003 1734 cessaret,
1025 1659 1103 1719 eele-

66 1746 166 1807 bravit
185 1752 218 1805 ut
238 1749 325 1823 prius.
367 1746 402 1805 In
424 1751 553 1823 sequenti
584 1747 714 1822 Capitulo
743 1746 869 1824 generali
897 1746 999 1805 Abbas
1026 1746 1103 1803 idem

66 1835 218 1911 proposuit
238 1850 338 1893 casum
360 1831 530 1914 eundem2),
562 1837 737 1910 interrogans
760 1834 828 1910 quid
849 1833 1011 1892 faciendum
1032 1832 1104 1891 foret

66 1918 232 1995 confessori,
254 1922 278 1979 si
298 1919 370 1979 forte
391 1920 449 1979 tale
470 1921 539 1996 quid
561 1923 591 1979 in
612 1921 709 1996 aliqua
721 1920 805 1980 domo
821 1926 985 1997 emergeret.
1013 1918 1103 1978 Curn-

66 2021 126 2083 que
148 2005 279 2066 dominus
302 2006 494 2066 cisterciensis
515 2010 576 2066 sive
598 2011 684 2067 ceteri
696 2007 827 2068 Abbates
849 2025 935 2083 super
955 2007 1011 2065 hoc
1034 2006 1104 2064 nihil

67 2090 210 2157 auderent
231 2093 357 2167 diffinire,
380 2111 478 2153 casum
500 2091 701 2174 seripserunt³)
723 2095 889 2155 Innocentio
904 2094 1011 2169 Papae.
1047 2093 1104 2175 Qui

68 2195 234 2241 convocans
257 2179 422 2239 cardinales
442 2183 576 2256 virosque
597 2181 739 2256 literatos,
762 2199 860 2240 casum
882 2185 922 2239 eis
943 2182 1103 2256 proposuit,

68 2265 191 2343 etquid
213 2266 249 2327 de
270 2267 326 2326 hoe
347 2269 492 2343 sentirent,
513 2286 532 2327 a
553 2269 671 2345 singulis
693 2271 846 2344 requisivit
880 2267 1020 2327 Omnibus
1030 2284 1104 2342 pene

66 2354 98 2413 ln
119 2352 178 2412 hoe
198 2355 453 2429 consentientibus,
483 2356 561 2430 quod
590 2355 727 2414 confessio
760 2372 818 2413 non
847 2362 922 2414 esset
942 2353 1104 2429 prodenda,

67 2439 231 2516 respondit:
257 2440 320 2517 Ego
349 2441 417 2506 dieo,
444 2441 652 2501 confessionem
679 2445 709 2499 in
737 2441 788 2501 teli
809 2441 928 2501 articulo
952 2458 1014 2500 esse
1035 2458 1104 2515 pro-

68 2524 214 2601 dendam,
236 2530 304 2604 quia
324 2527 389 2586 talis
411 2528 549 2587 confessio
571 2544 628 2588 non
651 2535 695 2587 est
716 2529 871 2602 confessio,
893 2527 946 2587 sed
966 2526 1104 2602 blasphe-

67 2615 145 2689 mia3
174 2630 227 2674 nec
256 2613 343 2673 debet
374 2615 519 2673 confessor
550 2615 759 2691 blasphemiam
780 2622 888 2674 tantam
910 2632 945 2673 ae
965 2616 1105 2672 insaniam

69 2698 260 2781 eelurehper
282 2718 369 2776 quam
389 2701 548 2776 periculum
568 2703 731 2761 incumbere
753 2704 856 2778 poterit
877 2703 930 2759 toti
950 2699 1104 2758 Ecclesiae.

67 2786 109 2846 Et
128 2784 238 2862 placuit
259 2790 398 2847 sententia
407 2785 430 2868 ⁸)
454 2789 593 2847 omnibus.
635 2789 810 2864 Scripsitque
832 2789 962 2863 sequenti
974 2784 994 2866 ⁵)
1018 2786 1105 2861 Capi-

68 2872 132 2933 tulo
154 2873 232 2951 quod
254 2891 273 2934 a
293 2891 325 2933 se
345 2875 438 2933 luerat
459 2875 677 2934 determinatum
699 2881 728 2933 et
749 2873 975 2934 aOardinalibus
998 2890 1105 2949 appro-

67 2958 180 3021 baum
223 2960 285 3020 Nee
307 2960 395 3021 debes
418 2961 563 3037 dubitare,
592 2965 661 3037 quin
690 2962 866 3021 confessores
894 2960 1016 3020 multum
1044 2968 1105 3020 tor-

67 3056 226 3124 queantur,
255 3065 321 3108 eurn
348 3048 405 3108 tale
434 3048 502 3124 quid
531 3048 686 3123 audierint,
719 3048 796 3123 quod
823 3048 877 3108 soli
905 3054 1019 3124 portare
1047 3065 1104 3107 non

67 3141 199 3213 possunt

87 3526 354 3599 lJBlscrimanr
381 3530 528 3581 miserum
554 3530 697 3598 rogavit,
723 3537 755 3580 ut
782 3545 796 3580 a
823 3529 884 3580 tuli
907 3528 1105 3596 blasphemio

139 3598 337 3661 desisteret,
354 3607 387 3650 et
403 3602 533 3652 monuit.
552 3598 623 3652 (loni.
641 3598 683 3663 Ν,
702 3600 743 3651 11.
761 3629 794 3637 -
812 3599 845 3667 2)
862 3598 882 3651 C
900 3615 1006 3650 casum
1030 3614 1106 3649 cun·

139 3667 210 3721 dem
232 3670 413 3736 proposuit.
433 3698 464 3708 -
489 3670 521 3737 3)
540 3667 560 3722 O
576 3668 625 3720 add
643 3668 779 3721 domino.
799 3698 830 3708 -
849 3668 882 3736 l)
900 3669 920 3721 B
938 3669 1105 3720 sententio

139 3738 227 3803 eius,
253 3736 453 3791 Grenteutiu
480 3755 545 3792 rna.
568 3768 602 3779 -
628 3738 660 3808 5)
684 3739 702 3792 P
729 3740 882 3807 sequenti
906 3754 1003 3802 anno,
1029 3738 1049 3790 o
1075 3738 1107 3787 in

140 3809 292 3879 sequenti
314 3823 404 3862 suno.
