2438 4170
416 222 471 282 DE
494 220 771 284 confussionis.
1053 223 1113 281 135

43 342 137 404 haec
163 344 265 405 verba
284 347 426 421 prorupit:
447 346 511 405 Vae
533 346 602 403 milri
622 348 734 420 misero,
757 342 900 421 quomodo
923 348 983 401 tam
995 346 1116 419 turpiter

46 432 212 493 confusus
234 450 300 491 sum
320 434 358 491 ab
378 433 434 491 hoc
456 433 651 491 homunculo?
694 433 799 507 Sisque
831 449 883 507 per
902 431 994 489 fratris
1016 431 1115 489 humi-

48 518 121 581 lem
147 519 373 593 consessionem,
393 520 480 579 homo
502 526 593 579 morte
615 520 718 596 dignus
741 521 832 578 evasit
844 525 970 592 mortem,
992 518 1116 594 adeptus

51 613 108 667 est
130 609 303 667 victoriam.
346 607 430 682 Quod
452 614 549 666 autem
570 606 739 666 damnandis
761 606 901 666 confessio
933 607 1040 664 tribuat
1060 623 1115 665 ve·

50 696 157 771 niam,
182 702 301 770 praesto
323 702 366 754 est
388 694 557 770 exemplum.

430 884 661 946 CAPITULUM
681 885 770 944 XIX.

141 1008 198 1066 Dc
217 1006 297 1083 fare,
319 1011 370 1083 qai
392 1005 531 1067 Coloniae
553 1007 685 1083 beneficio
708 1007 896 1083 confessionis
917 1016 1042 1067 mortem

548 1099 648 1154 evasit.

139 1198 233 1257 Circa
251 1197 301 1257 illa
321 1203 459 1274 tempora,
480 1199 595 1274 quando
617 1202 727 1275 positus
748 1199 788 1257 fui
811 1200 848 1257 ad
862 1199 967 1273 literas,
987 1199 1032 1256 fur
1049 1201 1116 1274 qui-

64 1285 145 1345 dam
168 1288 200 1343 in
223 1287 306 1360 cippo
327 1288 477 1345 tenebatur
498 1294 564 1346 ante
586 1287 703 1346 Portam
724 1286 825 1345 Martis
848 1286 992 1345 Coloniae.
1022 1286 1116 1361 Quem

67 1372 219 1433 sacerdos
246 1372 362 1448 quidam
389 1377 457 1431 satis
486 1373 637 1433 laudabilis
668 1376 760 1448 ritae,
788 1377 902 1433 nomine
929 1373 1120 1447 Eumachus,

69 1460 213 1521 eiusdem
233 1467 333 1535 portae
354 1460 494 1536 capellam
514 1478 624 1537 regens,
645 1463 749 1534 invisit,
771 1461 978 1520 confessionem
1000 1460 1120 1536 ausim,

70 1554 105 1609 et
126 1564 185 1623 per
206 1546 401 1623 eleemosynas
422 1565 489 1606 suas
510 1551 644 1607 visitavit.
686 1547 732 1621 Et,
753 1551 827 1606 sient
848 1549 917 1606 mihi
928 1548 1024 1606 retulit
1039 1548 1118 1607 idem

69 1634 234 1709 sacerdos,
262 1651 347 1709 saepe
381 1637 407 1693 ei
429 1651 464 1692 ex
484 1635 623 1694 industria
644 1636 775 1693 mittebat
796 1635 937 1711 scyphum
959 1653 1058 1709 sunm,
1086 1636 1117 1691 in

72 1738 138 1799 quo
161 1723 224 1797 ipse
245 1721 343 1781 bibere
365 1724 520 1781 consuevit.
562 1722 704 1782 Viderunt
725 1722 796 1780 haee
810 1719 826 1801 ¹)
849 1723 987 1795 homines,
1010 1728 1038 1780 et
1059 1723 1118 1779 mi-

73 1810 229 1869 rabantur.
272 1808 310 1867 Et
332 1800 510 1868 cum‘honor
531 1827 549 1868 a
571 1809 719 1868 sacerdote
747 1808 798 1866 tali
818 1809 871 1867 furi
893 1809 1035 1868 exhibitus
1064 1807 1117 1866 de-

77 1894 160 1955 latus
180 1896 280 1954 fuisset
300 1894 338 1954 ad
359 1895 478 1966 iudices,
500 1897 646 1955 hominem
666 1898 846 1954 innocentem
867 1902 1010 1972 putantes,
1033 1895 1117 1954 dimi·

78 1988 184 2043 serunt
203 1982 292 2041 illum.
326 1981 535 2043 novlcssts
566 1984 660 2059 Quare
688 1999 746 2040 non
775 1989 988 2059 consequuntur
1016 1983 1118 2041 huius·

79 2068 164 2129 modi
183 2068 325 2128 beneficia
347 2086 444 2128 omues
466 2074 506 2128 rei
514 2067 534 2150 ²)
549 2088 601 2146 per
622 2070 849 2129 confessionem?
881 2068 1118 2129 MONAOHUS:
1172 2106 1175 2111 -

80 2156 150 2217 Non
171 2155 326 2231 expediret,
348 2159 416 2230 quia
436 2157 531 2216 multis
552 2157 633 2216 fieret
654 2159 766 2216 occasio
777 2157 924 2232 peccandi.
955 2156 1027 2216 Vult
1037 2157 1118 2217 Deus

81 2243 240 2319 aliqnando
260 2243 422 2302 huiusmodi
443 2244 580 2304 miracula
600 2244 661 2303 fieri
688 2261 739 2320 per
767 2245 974 2304 confessionem
996 2244 1119 2319 exempli

82 2346 188 2406 cansa,
215 2336 249 2389 ut
269 2337 406 2405 quantum
428 2335 555 2406 animae,
585 2333 665 2390 euius
686 2331 827 2391 medicina
849 2338 905 2405 est,
928 2331 1039 2406 valeat,
1067 2348 1119 2406 per

82 2419 167 2495 signa
188 2420 328 2477 exteriora
349 2417 490 2477 ostendat.
532 2418 613 2477 Bene
640 2419 703 2479 vult
731 2425 763 2477 ut
789 2436 854 2478 reus
881 2426 948 2494 post
959 2415 979 2497 ³)
1003 2418 1119 2477 confes-

83 2506 196 2565 sionem
216 2507 350 2581 puniatur
370 2507 400 2563 in
421 2508 579 2581 praesenti,
600 2523 637 2565 ne
660 2523 725 2564 eum
746 2508 776 2564 in
797 2506 891 2564 futuro
913 2507 1028 2580 puniat,
1051 2507 1119 2580 quia

82 2608 144 2652 non
163 2594 246 2668 punit
265 2593 311 2651 bis
331 2594 361 2650 in
381 2589 543 2672 idipsnml).
585 2592 632 2651 De
653 2593 709 2652 hoc
731 2594 783 2652 tibi
811 2592 905 2651 dicam
936 2593 1119 2651 manifestum

84 2678 249 2755 exemplum
270 2679 435 2754 aquodam
457 2679 560 2739 ordinis
582 2683 671 2739 nostri
691 2679 809 2739 Abbate
831 2680 900 2738 mihi
922 2679 1052 2739 relatum.

416 2870 649 2931 cursurum
668 2871 742 2929 xx.
755 2867 784 2951 r)

128 2991 203 3051 ltcrn
225 2992 262 3050 dc
280 2991 358 3068 farre,
381 2996 433 3068 qni
454 2992 492 3050 ab
514 2992 658 3068 Episcopo
680 2992 835 3051 Leodieasi
857 2992 892 3052 ob
914 2993 1090 3052 versiculum

175 3080 292 3138 Psalmi
314 3083 457 3138 centesimi
479 3083 574 3155 quinti
595 3084 769 3138 sententiam
790 3084 893 3139 mortis
915 3083 1031 3155 occepit.

151 3216 187 3276 Iu
207 3217 338 3278 Ecclesia
347 3215 367 3295 ⁵)
389 3218 541 3278 Lendiensi
556 3219 715 3295 Episcopus
727 3219 843 3294 quidam
856 3218 916 3293 fuit,
938 3220 981 3277 vir
1001 3217 1118 3293 religio-

83 3320 134 3363 sus
154 3321 190 3363 ac
211 3307 315 3364 timens
336 3306 441 3365 Deum.
483 3305 540 3364 Die
562 3305 688 3380 quadarn
710 3324 775 3365 cunr
804 3306 916 3365 sederet
948 3308 977 3363 in
1008 3303 1118 3379 capella

82 3408 138 3451 sua
158 3390 236 3451 solus
258 3398 385 3468 tempore
413 3393 666 3469 quadragesimali,
700 3401 728 3452 et
753 3392 919 3468 psalterium
947 3391 1116 3464 lectitando,

84 3480 211 3539 venisset
230 3478 270 3538 ad
290 3478 370 3538 illum
397 3480 494 3539 locum
508 3473 529 3560 ⁶)
551 3480 660 3539 Psalmi
682 3482 827 3539 centesimi
857 3481 961 3555 quinti,
995 3478 1116 3537 scilicet:

103 3663 135 3732 r)
152 3664 193 3716 or
208 3664 277 3717 noo.
295 3694 328 3705 -
345 3666 378 3734 2)
395 3666 414 3718 r
432 3681 540 3718 omnes
563 3667 611 3717 rer
634 3665 823 3717 huiusmonr
840 3628 1013 3717 beneficia.
1033 3692 1064 3702 -
1084 3663 1117 3730 a)

152 3732 194 3786 BG
209 3750 276 3802 per.
295 3764 327 3775 —
353 3737 386 3804 4)
403 3735 500 3787 Nahum
519 3737 552 3799 1,
577 3736 617 3787 12.
637 3766 667 3775 -
696 3737 728 3804 *J
747 3735 836 3788 Homil.
854 3736 884 3788 11.
902 3752 927 3803 p.
949 3734 1005 3786 111.
1025 3762 1056 3772 -
1084 3733 1117 3801 5,)

154 3802 336 3858 Gciviiate.
354 3836 386 3845 -
405 3806 437 3876 6)
454 3805 496 3859 ΑΡ
513 3805 614 3859 locum
637 3804 738 3860 illum.
