2438 4170
90 226 154 310 rsa
415 246 642 309 ursrmcrro
671 245 805 309 snxrr

90 370 223 430 convivia
242 370 337 428 lacere
358 370 525 445 voluerunt,
554 371 684 429 dixerunt
705 369 743 428 ad
763 369 858 429 illum:
879 368 1019 444 Domine,
1040 384 1113 444 quem
1144 408 1146 419 ·

89 474 148 517 non
168 456 322 532 providetis
343 457 446 516 vobis?
467 457 562 516 Valde
584 460 659 516 enim
670 457 799 515 infirmus
821 459 899 516 estis.
931 455 1040 531 Quibus
1060 472 1111 515 cum

90 543 212 603 diceret:
227 543 310 603 Unde
325 544 382 603 hoc
397 547 496 618 nostis,
510 546 579 603 boni
596 542 698 620 pueri?
720 543 941 618 responderuntr
961 543 1040 602 Bene
1053 559 1107 601 cou-
1144 556 1146 569 ·

90 629 247 690 sideramus
259 632 288 688 in
301 631 410 705 capillis
431 634 541 706 vestris,
563 648 597 690 eo
620 630 696 706 quod
707 631 796 688 inflati
810 632 876 688 sint.
906 629 996 705 Quem
1009 632 1036 688 in
1048 629 1104 688 lecto
1125 706 1128 713 Ι

89 717 267 791 reclinantes,
289 719 401 776 cibariis
424 718 559 792 delicatis,
584 721 665 793 quasi
687 720 747 775 eius
769 717 926 775 infirmitati
945 717 1102 793 praeparatis

90 821 121 863 se
149 805 227 879 ipsos
254 804 420 862 refecerunt.
469 803 599 864 Audiens
627 810 737 862 tantam
765 803 974 878 simplicitatem
1002 805 1099 862 rusticor

90 890 208 967 quidam
227 908 352 965 nequam
366 898 395 949 et
415 898 535 967 astutiis,
557 894 623 966 quia
639 888 655 970 ¹)
677 908 776 949 servus
798 893 860 950 eius
873 897 950 950 esset
960 891 1098 966 originarius

89 979 127 1036 ab
151 979 282 1036 omnibns
303 981 407 1036 attaris
428 981 486 1037 suis
498 975 519 1057 ²)
542 978 684 1036 confinxit.
723 972 791 1047 ,Non
811 981 908 1053 potui,
940 979 1035 1052 inquit,
1058 975 1096 1034 do·

89 1066 174 1138 mine,
195 1071 228 1122 ut
248 1081 293 1123 res
314 1071 426 1124 vestrae
448 1064 499 1124 tali
520 1065 606 1124 modo
622 1064 813 1123 distrahantur
835 1065 960 1138 sufferre,
979 1063 1023 1121 vel
1040 1060 1096 1137 quod

90 1153 132 1211 sic
153 1151 338 1228 'negligantur
349 1149 379 1231 ³).
422 1151 528 1210 Servus
557 1155 632 1211 enim
660 1158 755 1210 vester
783 1169 863 1225 sum,
891 1154 995 1209 iustum
1021 1154 1096 1208 estut

89 1239 229 1297 nobilitati
250 1245 362 1315 vestrae
383 1241 514 1313 serviam,
536 1246 565 1297 et
587 1256 660 1313 quae
679 1245 776 1296 vestra
797 1238 865 1297 ¹sunt
888 1237 1004 1297 fideliter
1023 1241 1096 1295 custo-

90 1324 175 1383 diam.
218 1325 294 1400 Quid
319 1324 423 1401 plural
467 1325 625 1384 Commissa
652 1332 719 1384 sunt
747 1329 773 1383 ei
802 1327 906 1383 omnia.
950 1324 1003 1400 Qui
1025 1323 1095 1381 noci-

89 1412 159 1487 bus,
181 1429 246 1471 cum
268 1412 399 1471 dominus
422 1414 482 1470 eius
502 1415 571 1471 isset
593 1413 758 1486 dormitum,
791 1412 829 1470 ad
849 1429 956 1487 prunas
977 1429 1035 1470 cum
1050 1425 1096 1467 ser·

89 1501 134 1557 vis
155 1498 237 1573 sedit,
259 1506 287 1557 et
307 1500 501 1574 potationibus
522 1503 645 1558 vacavit
689 1498 761 1557 Cum
783 1502 845 1558 vice
871 1490 994 1572 quadam
1012 1494 1097 1556 iocula-

89 1593 180 1645 torem
201 1587 416 1661 introduxisset,
445 1592 474 1644 et
493 1586 540 1645 ille
563 1586 711 1645 dulcedine
732 1586 816 1644 fialae
840 1585 1020 1644 dormientem
1037 1583 1097 1641 erci-

89 1679 186 1747 tasset,
208 1677 333 1750 surgenti
347 1691 446 1732 servus
460 1677 590 1746 occurrit,
608 1673 718 1731 dicens:
742 1673 805 1748 Quo
821 1673 908 1730 vultis
920 1675 969 1745 ire,
990 1665 1097 1729 dominel

89 1760 293 1836 Respondente
320 1761 385 1818 illo:
416 1760 572 1818 Melodiam
600 1760 685 1818 audio
715 1760 921 1833 dulcissimam,
952 1758 1002 1817 sed
1024 1757 1098 1815 oemio
1144 1770 1146 1777 ·

91 1849 142 1905 ubi
163 1850 213 1921 sit;
236 1865 335 1906 servus
356 1848 513 1906 subiunxit:
535 1847 636 1906 Redite
658 1841 823 1905 adlectum
840 1854 972 1919 vestrum,
993 1841 1101 1903 monachi
1124 1850 1146 1873 '¹

92 1932 300 2014 Tuycienscsl)
332 1937 362 1992 in
391 1937 504 2009 organis
537 1941 660 1993 cantant.
712 1932 916 1992 NOVICIUS:
947 1933 1018 1990 Puto
1043 1927 1103 2005 quod

90 2028 220 2096 peccent,
242 2019 290 2096 qui
312 2024 352 2081 sic
371 2021 511 2096 simplices
533 2022 655 2079 irrident.
698 2019 931 2079 MONACHUS:
953 2019 1015 2077 Hoc
1033 2017 1104 2075 fixum

91 2114 199 2166 teneas
241 2107 319 2167 Audi
346 2109 414 2182 quid
442 2115 557 2166 sanctus
578 2108 637 2166 Job
661 2107 750 2166 dicat:
778 2108 940 2165 Deridet-cr
962 2110 1032 2164 enim
1050 2105 1104 2162 iacti
1137 2176 1140 2181 .

91 2195 259 2268 simplicitas
272 2193 303 2267 ⁵).
346 2196 438 2269 Super
460 2213 545 2269 qrrem
566 2195 661 2253 locum
689 2195 756 2252 dicit
779 2194 949 2269 Gregorius:
978 2193 1105 2251 Justomm

91 2281 256 2355 simplicitas
277 2282 414 2354 irridetur,
436 2285 502 2355 qriia
524 2283 560 2340 ab
584 2283 667 2339 liuius
682 2282 779 2339 mundi
801 2282 977 2355 sapientibus
998 2279 1106 2355 puritatis

91 2370 196 2441 victua,
217 2367 331 2427 fatuitas
354 2368 483 2426 creditur.
527 2368 617 2426 Omne
640 2371 716 2426 enim
737 2368 814 2442 quod
834 2371 999 2426 innocenter
1018 2368 1106 2441 agitur,

91 2455 128 2513 ab
159 2458 198 2512 eis
225 2455 323 2529 procul
353 2456 438 2513 dubio
462 2455 578 2513 stultitia
605 2462 736 2529 putatur,
766 2463 794 2512 et
821 2455 957 2529 quicquid
985 2457 1013 2510 in
1038 2466 1109 2526 opere

91 2544 196 2600 veritas
209 2543 357 2617 approbat,
371 2543 475 2600 carnali
489 2545 643 2617 sapientiae
657 2544 767 2600 fatuum
780 2549 864 2600 sonat
872 2540 901 2620 ⁶).
924 2542 951 2599 N
953 2538 1109 2599 OVICIUS:

90 2629 212 2687 Videtur
241 2630 310 2686 mihi
338 2633 381 2688 vir
407 2633 459 2687 iste
488 2634 578 2705 magis
607 2630 694 2687 luisse
716 2630 847 2701 stolidus,
877 2647 964 2704 quam
993 2626 1111 2701 simplex,

91 2718 158 2790 quia
179 2717 344 2792 simplicitas
365 2716 515 2791 prudentia
548 2734 643 2775 carere
674 2734 731 2774 non
754 2717 847 2773 debet.
891 2711 1112 2773 MONACHUS:

90 2802 245 2862 Prudentia
266 2807 295 2861 in
308 2804 512 2880 praecavendis
534 2803 616 2861 malis
634 2806 769 2877 consistit,
791 2806 870 2860 cuius
892 2805 1004 2860 virtutis
1026 2816 1113 2875 expers

91 2907 148 2947 non
176 2892 235 2948 suit.
288 2891 378 2966 Igitur
388 2887 406 2968 ⁷)
440 2891 534 2948 divino
563 2897 634 2947 nutu
661 2892 766 2948 sactum
800 2896 856 2962 est,
890 2897 922 2946 ut
948 2892 978 2946 in
1008 2889 1115 2947 ecclesia

91 2981 181 3035 sancti
204 2977 349 3051 Gereonis,
372 2981 451 3034 cuius
468 2978 594 3035 redditus
616 2978 696 3035 multi
718 2983 826 3034 suntet
847 2976 943 3050 ampli,
967 2976 1116 3034 cellerarius

92 3063 256 3122 efficeretur.
298 3065 349 3137 Et,
380 3068 453 3122 sicut
480 3064 582 3139 legitur
605 3065 639 3122 de
662 3072 759 3122 sancto
782 3061 940 3141 Josepha),
972 3081 1036 3121 crim
1058 3059 1117 3119 nihil

91 3158 188 3208 nosset
208 3154 261 3208 nisi
281 3169 393 3226 panem,
417 3169 472 3226 quo
495 3153 678 3226 vescebatur,
699 3168 752 3208 nec
773 3151 828 3208 lroc
851 3150 888 3207 ad
909 3151 1040 3225 plenum,
1061 3150 1118 3206 Do·

91 3239 193 3310 minem,
215 3241 260 3296 cui
281 3245 400 3312 accepta
423 3246 465 3296 est
487 3239 658 3312 simplicitas,
681 3239 821 3296 defectum
844 3240 903 3295 eius
926 3237 1077 3311 supplerit,
1096 3242 1120 3294 et

92 3327 195 3398 omnia,
217 3325 254 3382 ad
276 3343 349 3398 quae
371 3344 438 3384 suas
460 3344 561 3383 manus
584 3319 702 3399 misit⁹),
725 3325 877 3383 benedixit.
922 3324 980 3381 Die
1004 3323 1121 3398 quadam

91 3414 198 3469 intrans
219 3415 380 3487 granarium
403 3413 547 3486 eeclesiae,
569 3412 744 3487 cumplures
767 3418 858 3470 cattos
879 3413 907 3467 in
930 3429 1047 3469 armona
1068 3411 1121 3468 dis·

111 3615 142 3682 l)
160 3615 223 3666 Aue
241 3623 272 3665 et
294 3617 375 3682 quia.
396 3646 426 3654 -
452 3617 483 3681 2)
501 3615 542 3667 Bc
567 3618 634 3666 suis
659 3616 790 3666 attavis.
810 3643 840 3652 —
867 3615 897 3682 3)
916 3614 958 3666 BC
984 3615 1124 3671 donrine,

160 3687 241 3751 pati,
268 3695 347 3736 ut—
368 3684 597 3736 distrahantur
615 3695 645 3736 et
663 3685 883 3753 negligantur.
909 3715 938 3723 —
962 3686 1124 3752 4)Trriiium,

160 3755 248 3806 Deutz.
268 3787 298 3794 -
320 3756 351 3823 5)
369 3755 415 3804 lob
436 3756 476 3817 12,
494 3758 518 3806 4.
539 3786 568 3794 -
589 3758 620 3824 6)
639 3757 742 3824 Gregor.
761 3755 846 3806 lloral.
865 3756 896 3816 X,
914 3755 957 3819 29,
983 3757 1024 3808 le,
1045 3786 1078 3794 —
1096 3757 1124 3821 7]

155 3826 178 3880 l)
196 3827 278 3881 idco.
291 3859 322 3868 —
343 3826 375 3897 8)
395 3826 487 3879 Genes.
504 3826 551 3890 dli,
565 3827 592 3877 t.
609 3857 641 3864 -
657 3828 693 3893 (ἢ
704 3825 748 3876 uti
762 3827 915 3874 misisset.
