2438 4170
92 212 155 272 aar
404 210 632 274 nsrnverro
655 165 807 290 emuna

92 342 122 395 et
148 330 264 392 saeculo
286 331 412 407 deditus,
440 336 539 409 viginti
560 335 641 393 annis
661 333 739 393 fruar
761 334 869 394 deliciis
891 336 951 396 eius
962 331 989 415 ¹),
1009 333 1148 417 duabu,

92 422 183 493 annis,
204 422 252 495 qui
271 427 431 495 supersunt,
451 420 612 496 poenitebo.
654 420 743 480 Haud
757 421 885 497 dubium,
906 424 974 498 quin
993 421 1145 499 diabolus

94 509 143 582 qui
156 506 349 581 supradictum
361 524 540 582 conversum,
560 514 592 566 ut
603 507 763 583 Episcopus
784 508 874 584 fieret,
895 509 933 567 ad
953 508 1131 580 credendum

91 593 241 652 induxerat
269 600 367 668 aperto
396 611 541 669 sermone,
569 600 598 654 et
625 595 691 654 huic
715 599 851 670 suaserit,
882 603 914 655 ut
935 595 983 655 tali
1002 606 1118 672 augurio

92 679 179 738 fidem
215 679 376 755 adhiberet,
405 680 518 740 occulta
553 685 743 757 suggestione.
800 681 860 741 Sed
891 682 1036 756 Dominus,
1070 691 1114 762 qm·

92 760 205 846 omne²)
228 769 378 842 augurium
396 767 464 841 odit,
485 766 575 843 aliter,
596 786 682 843 quam
702 768 749 827 ille
769 769 957 843 ordinaverat,
977 768 1103 843 disposuit

91 853 167 912 Nam
189 852 261 912 duos
283 871 355 928 quos
376 857 566 929 poenitentiae
589 854 776 930 deputaverat
797 873 901 930 annos,
924 857 1029 914 eumin
1046 873 1101 917 sas·

93 940 156 999 culo
178 942 275 999 vivere
296 943 440 1016 permisit,
462 947 491 1000 et
512 958 602 999 annos
622 943 722 1018 viginti
743 942 850 1001 deliciis
872 943 1022 1016 ordinatos,
1037 943 1096 1000 iusto

93 1044 145 1086 suo
159 1026 263 1086 iudicio
276 1029 424 1109 subtraxit
466 1027 543 1086 Ecce
560 1028 632 1086 tales
650 1034 717 1087 sunt
735 1031 939 1104 promissiones
960 1027 1093 1087 diabolicae

94 1114 178 1190 Quod
203 1121 300 1173 eutem
321 1113 488 1188 nonnullos,
516 1117 573 1173 imo
595 1115 745 1190 plurimos,
772 1132 823 1191 per
844 1119 985 1176 ministros
1002 1114 1092 1175 souin

91 1200 148 1260 fide
170 1202 327 1276 subvertat,
347 1203 497 1276 sequentia
518 1200 712 1261 declarabunt.

402 1390 635 1451 urrunnun
662 1389 816 1473 uvius)

152 1513 200 1572 Dc
221 1511 337 1572 duobus
358 1512 520 1585 haereticis,
540 1517 592 1588 qui
613 1515 697 1589 apud
715 1515 896 1574 Bizunzium
917 1513 1051 1574 memus

202 1601 396 1676 phantasticis
417 1601 517 1658 multis
538 1598 796 1676 deceptis,'ibidem
818 1605 915 1661 excuti
935 1608 1008 1661 suut

155 1737 223 1795 Duo
238 1727 377 1812 homines,
397 1755 456 1796 non
476 1745 580 1813 mente,
602 1739 654 1797 sed
674 1738 775 1798 habitu
796 1739 949 1815 simplices,
968 1755 1021 1798 non
1038 1745 1094 1804 ortt,

91 1823 142 1882 sed
162 1824 222 1899 lupi
243 1841 378 1899 rapaces,
406 1822 602 1905 Bizunzium³)
624 1833 777 1900 venerunt,
798 1844 942 1885 summam
962 1822 1095 1885 simulante

90 1910 311 1986 religiositatem.
353 1911 442 1970 Erant
470 1919 565 1971 autem
590 1913 688 1987 pallidi
710 1918 738 1971 et
759 1913 918 1988 macilenti,
939 1912 1019 1971 nudis
1036 1905 1097 1987 pedi-

91 1999 145 2055 bus
166 1997 345 2072 incedentes,
372 2005 401 2056 et
422 1999 548 2072 quotidie
573 2001 744 2075 ieiunantes3
771 2002 921 2058 matutinis
942 1996 1100 2063 sollemnibus

91 2083 229 2143 ecclesiae
242 2087 356 2143 maioris
369 2085 447 2143 nulla
460 2092 545 2144 nocte
551 2080 573 2165 ⁴)
597 2085 753 2161 defuerunt,
774 2103 827 2145 nec
841 2086 950 2161 aliqrrid
969 2087 1005 2145 ab
1026 2083 1101 2158 aliquo

90 2177 204 2246 praeter
238 2174 345 2229 victum
371 2178 485 2230 tenuem
513 2180 680 2247 receperunt
688 2170 716 2252 ⁵).
761 2172 891 2247 Cumque
912 2172 962 2231 tali
982 2168 1105 2249 hypocrisi

90 2260 177 2316 totius
199 2258 296 2333 populi
324 2261 353 2315 in
376 2276 406 2317 se
427 2265 632 2334 provocassent
653 2261 801 2333 allectum,
823 2267 891 2318 tunc
912 2262 1034 2335 primum
1053 2272 1107 2317 eoe-

89 2351 192 2420 perunt
213 2345 304 2403 latens
325 2348 404 2404 virus
427 2363 559 2405 evomere
568 2343 597 2425 ⁶),
620 2353 648 2405 et
669 2363 759 2405 novas
781 2353 867 2420 atque
889 2347 1031 2406 inauditas
1050 2345 1110 2404 hae·

90 2449 168 2490 reses
188 2432 305 2490 rudibus
324 2433 496 2506 praedicare.
539 2433 578 2492 Ut
597 2440 693 2492 autern
716 2451 813 2492 eorum
835 2434 981 2493 doctrinae
1003 2431 1112 2510 populus

91 2518 232 2594 crederet,
260 2519 379 2577 sannam
408 2523 436 2577 in
464 2523 627 2595 pavimento
657 2522 772 2579 cribrari
781 2517 800 2599 ⁷)
829 2523 987 2594 iusserunt,
1016 2527 1045 2580 et
1064 2521 1115 2578 sine

90 2609 201 2682 vestigii
236 2608 420 2680 impressione
454 2625 539 2681 super
574 2607 652 2664 illam
681 2607 900 2666 ambulaverunt
908 2605 939 2686 ⁸).
992 2606 1116 2666 Similiter

90 2710 175 2768 super
203 2711 292 2768 aquas
330 2693 490 2767 gradientes
517 2711 574 2751 non
601 2700 732 2768 poterant
763 2697 867 2769 mergi,
898 2695 1013 2770 tuguria
1041 2696 1118 2752 etiam

88 2797 174 2854 super
195 2797 226 2838 se
240 2781 375 2845 facientes
389 2780 500 2838 incendi
507 2776 537 2858 ⁹),
557 2787 711 2855 postquam
723 2782 752 2837 in
773 2783 897 2839 cinerem
914 2788 980 2839 sunt
1001 2781 1120 2852 redacta

91 2868 196 2942 egressi
211 2873 277 2924 sunt
290 2866 388 2924 illaesi.
431 2867 502 2925 Post
518 2867 589 2925 haec
603 2867 733 2926 dixerunt
754 2867 857 2925 turbis:
881 2867 912 2926 Si
933 2884 992 2926 non
1015 2867 1122 2928 creditis

89 2954 183 3011 verbis
212 2955 323 3026 nostris,
350 2953 455 3012 credite
484 2954 635 3011 miraculis
677 2952 806 3012 Audiens
825 2954 894 3012 talia
915 2953 1077 3030 Episcopus
1096 2959 1123 3012 et

90 3037 202 3111 Clarus,
219 3041 342 3110 ,turbati
377 3047 443 3098 sunt
469 3040 563 3098 valde.
612 3040 649 3098 Et
679 3058 744 3098 cum
773 3043 813 3098 eis
845 3041 953 3099 vellent
980 3044 1123 3112 resistcre,

90 3123 247 3184 haereticos
263 3133 292 3184 et
316 3127 482 3202 deceptores
505 3126 666 3201 diabolique
696 3129 838 3186 ministros
858 3127 923 3185 illos
945 3127 1124 3198 affirmantes,

89 3214 137 3269 vix
167 3220 332 3287 evaserunt,
359 3220 391 3270 ut
417 3231 475 3272 non
497 3231 514 3272 a
536 3214 642 3288 populo
664 3213 864 3289 lapidarentur.
907 3214 978 3273 Erat
1006 3217 1081 3273 enim
1095 3209 1123 3292 ¹⁰)

89 3297 164 3356 idom
184 3299 341 3374 Episcopus
370 3302 528 3358 virbonus
552 3308 580 3358 et
601 3301 743 3375 literatus,
770 3307 856 3374 atque
880 3300 915 3359 de
937 3308 1038 3361 nostra
1057 3317 1123 3376 pro-

106 3431 137 3500 1)
154 3432 195 3484 BG
213 3442 243 3484 et
261 3433 386 3484 saeculi
409 3432 545 3485 deliciis
563 3435 684 3501 viginti
703 3436 795 3485 annis
814 3434 913 3486 fruar.
933 3464 964 3474 -
984 3435 1018 3502 2)
1036 3450 1123 3488 omno

159 3501 208 3552 add
227 3502 276 3554 BC.
289 3533 321 3540 -
340 3504 372 3570 11)
390 3504 478 3554 llomil.
497 3504 538 3554 lll.
557 3520 581 3571 p.
600 3506 641 3556 58.
656 3535 686 3542 —
706 3505 737 3571 3)
757 3504 893 3569 Besancon.
909 3535 940 3543 -
952 3504 1018 3572 4)Β
1036 3503 1123 3556 nullo

160 3580 324 3638 ternpore,
341 3571 360 3623 G
378 3589 544 3640 nunquam.
558 3604 591 3611 -
610 3575 641 3641 5)
660 3574 700 3625 BC
718 3575 867 3640 accipere
886 3573 1073 3625 voluerunt.
1091 3603 1120 3614 -

160 3642 192 3709 6]
211 3641 229 3692 B
248 3642 405 3692 emittere.
425 3673 457 3680 -—
482 3644 513 3709 7)
533 3643 572 3696 ΟΡ
590 3653 615 3694 et
633 3643 701 3709 prrl
724 3643 854 3703 cribari.
875 3674 905 3682 -
925 3643 996 3710 eJD
1021 3643 1121 3694 dcam·

157 3711 364 3762 bulaverunt.
385 3742 414 3750 -
435 3712 504 3780 9)ss
528 3713 661 3764 incendi
679 3714 860 3778 iacientes,
882 3713 902 3765 B
925 3712 1056 3768 incendi
1079 3713 1121 3764 ie-

157 3790 279 3833 cerunt.
300 3812 330 3821 -
352 3782 399 3850 10)
418 3781 438 3832 B
456 3791 566 3833 autem.
