2460 4162
117 219 179 279 ssa
431 216 660 317 nrsrmcmo
681 216 848 307 quanm
906 200 912 211 '

419 368 652 471 ommunuu
677 410 852 477 uxxxm.

209 531 257 589 Dc
278 531 400 606 palliae,
423 535 506 591 cuius
527 535 640 592 viscora
660 551 748 592 versa
768 540 840 592 sarai
859 537 893 593 iu
913 532 1066 619 bufoacna

170 671 247 751 ,Non
270 677 313 728 est
334 670 397 743 diu,
419 671 498 745 quod
519 670 636 746 quidam
664 689 700 730 ex
721 672 869 732 monachis
888 671 1110 745 Prumiansibus
1128 673 1160 754 ¹),

43 820 64 827 Ν
121 759 190 816 laria
217 759 302 815 tertia
329 763 396 816 ante
427 757 543 816 Cineres
571 761 600 816 in
629 758 714 818 domo
747 759 896 839 cuiusdam
920 760 1078 821 uacuam
1109 779 1161 822 sa-

119 844 241 920 cerdotis
263 846 457 918 convivantes,
479 844 606 903 diversas
621 862 721 904 carnes
736 863 801 904 cum
821 848 889 906 vino
907 850 1050 922 exquisito
1062 866 1159 924 usque

50 983 53 988 .
119 931 156 991 ad
184 929 308 989 mediam
339 948 412 1005 pene
443 930 559 990 noctem
591 928 819 1012 comedormrt²).
869 932 908 991 Et
936 951 1002 993 cnm
1035 938 1159 994 saturati

120 1025 215 1077 essent
234 1020 330 1091 nimis,
359 1020 472 1093 inipso
494 1018 563 1094 galli
590 1026 677 1077 cantu
706 1018 969 1085 sacerdos-vocans
989 1020 1157 1081 scholarem

119 1103 257 1178 adultum,
278 1103 578 1185 nomineJohannem,
600 1123 686 1180 quem
706 1124 759 1182 ego
773 1106 848 1165 bene
862 1109 938 1182 novi,
960 1107 1046 1166 dixit:
1069 1108 1157 1168 Certe

118 1191 213 1250 adhuc
236 1191 426 1249 comedemus.
469 1191 552 1250 Vade
574 1192 643 1251 affer
664 1193 747 1251 nobis
773 1192 923 1268 gallinam,
953 1211 1042 1269 quam
1069 1198 1157 1255 invc-

117 1281 193 1337 neris
213 1281 243 1335 in'
263 1280 371 1352 pertica
390 1280 471 1335 iuxta
492 1278 599 1354 gallum
620 1273 791 1354 sedentem,
808 1282 876 1364 quia
898 1283 998 1340 ceteris
1020 1284 1158 1359 pinguim

16 1380 19 1385 ·
118 1382 181 1425 esse
203 1367 363 1437 consucvit,
386 1371 414 1422 et
435 1381 575 1440 praepara
595 1366 686 1424 nobis.
731 1367 824 1443 Quam
847 1373 912 1425 cum
933 1369 1158 1444 strangulasset,

95 1460 147 1512 ·et
167 1459 266 1511 ventre
288 1458 403 1526 aperto,
423 1468 567 1525 manuque
588 1454 735 1528 imposita,
764 1471 829 1512 cum
849 1470 881 1512 se
904 1456 999 1513 omnia
1019 1458 1159 1516 intestina

119 1543 179 1599 eius
201 1538 285 1597 simul
307 1541 406 1596 eiicere
428 1538 549 1613 pirtaret,
570 1541 875 1608 maximumbuionem
889 1544 1019 1599 exuant
1064 1542 1158 1602 Cuius

118 1634 227 1686 motum
238 1644 303 1684 cum
312 1627 342 1683 in
355 1642 442 1683 manu
452 1627 594 1699 sensisset,
605 1630 633 1683 et
650 1619 823 1701 proiecisset,
834 1626 1009 1702 vidissetque
1025 1629 1157 1704 quides-

75 1724 78 1731 '
118 1720 170 1788 set,
183 1714 330 1789 repentino
344 1729 395 1770 suo
414 1712 537 1771 clamore
556 1729 654 1771 omnes
669 1712 830 1773 advocavit.
873 1713 1011 1773 Videntcs
1027 1715 1156 1792 gallinae

118 1804 251 1860 intestina
277 1802 307 1857 in
333 1799 469 1858 bulonem
491 1817 589 1873 versa,
618 1799 726 1858 confusi
754 1799 858 1859 aloco
880 1803 1001 1860 convivii
1022 1819 1156 1863 recesse-

117 1894 191 1960 runt,
211 1886 401 1963 intelligentes
423 1903 495 1960 opus
518 1903 580 1944 esse
596 1885 709 1944 diaboli.
751 1887 833 1945 Haec
854 1887 924 1944 milri
943 1904 1019 1947 unns
1034 1889 1157 1948 fratrum

117 1975 244 2047 illorum,
273 1975 321 2047 qui
342 1972 466 2030 interfuit
487 1978 516 2030 et
537 1973 622 2047 vidit,
644 1976 781 2032 recitavit.
824 1971 1028 2033 NOVIOIUS:
1058 1975 1156 2053 Magis

118 2079 164 2120 me
185 2067 295 2118 tentant
316 2061 424 2133 pisces,
458 2077 544 2132 quam
567 2077 681 2135 carnes,
711 2063 777 2134 quia
797 2062 858 2118 istis
879 2060 948 2117 mihi
969 2064 1050 2121 vesci
1070 2062 1156 2137 licat,

115 2148 170 2205 rllis
191 2164 257 2204 non.
299 2143 532 2204 MONACHUS:
565 2147 639 2204 Puto
670 2154 698 2204 te
726 2146 868 2205 recordari
889 2164 955 2206 cum
975 2147 1040 2207 filiis
1061 2149 1157 2209 Israel

116 2237 251 2309 piscium,
284 2249 356 2306 quos
390 2232 561 2290 comedebas
589 2234 618 2289 in
640 2232 792 2309 Aegypto,
824 2234 853 2291 id
886 2242 943 2308 est,
974 2237 1004 2292 in
1026 2237 1155 2296 saeculo.

115 2318 319 2380 NOVICIUS:
346 2317 413 2376 Non
441 2335 559 2392 possum
588 2319 760 2395 quandoque
792 2338 849 2379 non
878 2320 1030 2379 recordari.
1073 2322 1155 2383 ΜΟ-

116 2405 288 2466 NACHUS:
321 2404 370 2464 Ad
391 2407 558 2462 memoriam
586 2406 654 2462 mihi
675 2414 812 2465 revocant
833 2409 925 2482 pisces
947 2410 994 2466 isti
1013 2426 1154 2487 magnam

19 2524 24 2531 ·
116 2493 260 2570 quandam
280 2494 436 2569 nequitiam
459 2490 572 2550 cuidam
593 2493 702 2551 incluso
725 2513 743 2552 a
765 2494 878 2553 diabolo
900 2495 1013 2554 iactam.

414 2682 645 2743 CAPITULUM
667 2685 856 2787 Lxxxvu.

149 2810 195 2868 De
217 2809 393 2867 Hermanno
414 2808 535 2879 incluso,
558 2809 606 2864 eui
628 2805 761 2865 diabolus
777 2825 838 2882 pro
854 2797 983 2883 maribus
1006 2806 1116 2868 obtulit

495 2900 625 2952 stercora
648 2897 763 2966 equina.

177 3014 286 3075 Retulit
312 3015 381 3071 mihi
409 3014 494 3072 irater
517 3013 712 3073 Gadesealous
743 3013 777 3073 de
799 3014 1042 3091 Volmuntsteine,
1070 3019 1150 3093 quod

113 3103 157 3162 die
180 3102 305 3177 quadam
328 3101 458 3160 diabolus
480 3101 559 3158 sratri
580 3100 746 3160 Hermanno
769 3101 876 3160 incluso
901 3103 935 3161 de
949 3102 1150 3185 Amisberg⁸),

111 3193 142 3248 in
163 3192 257 3265 specie
279 3188 400 3246 hominis
431 3189 484 3246 sibi
506 3184 611 3265 notit),
641 3188 790 3246 scutellam
811 3189 905 3246 attulit
915 3187 934 3268 ⁵)
965 3207 1029 3249 cum
1057 3193 1150 3266 pisci-

111 3279 173 3336 bus
215 3275 283 3350 Ille,
313 3292 348 3333 oo
378 3274 455 3348 quod
477 3274 571 3332 adhuc
593 3292 678 3334 mane
701 3282 790 3345 esset,
821 3274 889 3333 dixit
918 3282 949 3333 ut
976 3284 1097 3351 poneret
1118 3287 1150 3337 et

109 3363 263 3423 recederet.
307 3363 448 3436 Tempore
471 3378 527 3434 quo
551 3369 631 3419 erant
652 3361 850 3436 praeparandi,
871 3365 900 3419 in
923 3363 1013 3437 disco,
1034 3367 1065 3423 in
1087 3382 1147 3440 quo

109 3453 186 3527 prius
213 3449 282 3507 nihil
311 3464 373 3506 esse
401 3447 553 3507 videbatur
574 3451 628 3506 nisi
655 3451 763 3522 pisces,
792 3455 917 3507 stercora
945 3456 1057 3524 reperta
1079 3462 1148 3511 sunt

109 3539 221 3613 equina.
264 3533 463 3594 NOVICIUS:
492 3534 566 3592 Puto
597 3535 718 3593 eundem
749 3537 839 3594 virum
867 3536 1028 3613 religiosum
1050 3541 1147 3613 pisces

127 3724 157 3792 1)
174 3722 237 3775 BDP
255 3719 491 3774 Prumensibus.
513 3750 543 3760 -
569 3722 601 3788 2]
620 3720 639 3773 C
658 3721 875 3773 comederent.
896 3753 924 3762 -
952 3723 983 3791 3)
1004 3723 1145 3794 Arnsberg.

105 3840 122 3864 k
176 3823 206 3832 —-
226 3793 258 3860 4)
276 3792 295 3843 B
315 3791 377 3842 sibi
395 3792 462 3841 noli
481 3789 627 3842 hominis.
650 3820 679 3830 -
700 3790 732 3857 5)
751 3791 771 3846 C
789 3790 916 3843 obtulit.
