2460 4162
427 246 482 309 DE
504 246 773 319 DAEMONIBUS.
974 194 979 202 1
1053 251 1115 311 307

80 376 112 431 et
141 368 341 448 theologorum
371 369 450 430 ducti
427 376 547 430 tsunt
576 373 606 430 in
635 389 783 447 campum,
816 377 845 430 et
867 387 962 431 coram
984 373 1118 433 universo
1163 388 1165 392 “

80 456 178 517 Cloro
195 463 224 517 et
250 457 357 555 populo
387 456 550 534 degradati,
583 465 612 517 et
639 461 669 516 in
689 458 816 518 adventu
842 457 944 534 Regis,
974 461 1022 533 qui
1047 465 1117 519 tunc

80 560 218 620 praesens
238 532 297 604 nor¹r
326 549 401 620 erat,
434 547 534 604 exusti.
576 545 632 621 Qui
653 553 747 604 mente
768 546 911 604 obstinata
942 545 1052 604 nullum
1078 545 1117 606 ad

80 631 255 708 interrogata
276 630 384 689 dabant
404 648 588 707 responsum,
615 633 644 689 in
667 633 799 706 quibus
790 650 820 689 rn
842 633 904 706 ipso
925 634 1024 690 mortis
1045 634 1116 691 arti-

80 715 147 776 culo
174 716 285 776 nudum
316 717 453 793 perpendi
484 723 597 794 poterat
628 721 712 793 poeni
713 719 818 777 tentiae
849 718 992 776 indicium.
1043 717 1116 788 (lum
1161 729 1165 742 '

80 801 252 863 ducerentur
263 803 301 863 ad
323 810 471 879 tormenta,
492 810 573 863 tanta
596 803 693 863 exorta
715 813 758 865 est
779 805 852 863 aeris
871 799 1060 879 inclementia,
1082 808 1116 865 ut

79 907 165 971 nemo
187 880 330 949 dubitaret
351 893 419 965 quin
448 891 484 949 ab
509 894 550 949 eis
571 908 621 950 aer
640 891 739 950 fuisset
760 884 932 965 concitatus,
965 908 983 950 a
1011 893 1115 966 quibus

79 980 179 1036 tantus
206 993 284 1036 error
304 977 489 1036 morientibus
517 978 609 1036 suerat
628 994 789 1051 persuasus.
832 976 867 1035 In
887 980 951 1053 ipsa
972 984 1055 1038 nocte
1076 981 1115 1054 is,

80 1065 129 1139 qui
141 1065 216 1122 inter
228 1080 278 1122 eos
290 1065 384 1138 potior
397 1063 565 1138 habebatur,
578 1064 615 1122 ad
629 1066 733 1122 ostium
751 1063 899 1122 cuiusdam
910 1063 1035 1123 inclusae
1047 1064 1115 1141 pul-

78 1162 163 1224 sans,
184 1166 250 1209 sero
271 1167 355 1208 suum
377 1167 501 1209 errorem
524 1151 669 1210 consessus
692 1156 747 1223 est,
776 1167 905 1208 asserens
927 1168 958 1209 se
979 1169 1114 1227 magnum

77 1234 224 1312 hospitem
256 1253 318 1295 esse
345 1238 374 1294 in
400 1237 529 1311 insarno,
562 1242 590 1295 et
632 1238 755 1295 aeternis
776 1236 912 1295 incendiis
939 1236 1115 1313 deputatum.

78 1320 212 1399 Quatuor
233 1339 268 1381 cx
291 1324 331 1381 eis
351 1323 462 1401 fuerant
484 1325 644 1397 examinati,
666 1323 788 1381 sednon
809 1329 876 1382 sunt
898 1325 1047 1400 combusti,
1067 1326 1114 1384 vi-

78 1407 184 1468 delicet
204 1410 339 1486 magister
360 1409 496 1484 Gonnus,
517 1409 631 1470 Ulricus
652 1410 799 1484 sacerdos,
821 1409 983 1485 Stephanus
1004 1411 1114 1471 Disco-¹

76 1512 141 1571 nus,
162 1497 212 1570 qui
232 1502 371 1572 perpetuo
392 1488 495 1555 reclusi
516 1503 582 1554 sunt
603 1514 730 1572 carcere3
752 1497 855 1555 Petrus
876 1513 944 1555 vero
960 1504 1115 1573 antequam

78 1589 243 1658 caperetur,
272 1600 341 1658 prae
363 1585 462 1641 timore
483 1582 642 1641 monachus
665 1584 781 1642 effectus
805 1588 856 1642 est.
899 1582 1037 1659 Magister
1057 1583 1114 1642 Al-

76 1670 201 1728 moricus
217 1665 243 1748 ¹),
265 1671 313 1744 qui
334 1669 496 1745 praedictae
510 1671 657 1745 pravitatis
670 1671 806 1744 magister
819 1669 919 1744 lucrat,
942 1672 1048 1728 eiectus
1070 1679 1114 1730 est

78 1753 116 1815 dc
130 1757 277 1831 cimiterio,
300 1762 329 1815 et
345 1758 374 1814 in
386 1773 487 1831 campo
502 1756 637 1832 sepultus.
657 1755 769 1814 Eodem
781 1761 909 1830 tempore
930 1764 1114 1832 pracceptum

76 1846 122 1902 est
141 1841 275 1918 Parisiis,
303 1859 339 1901 ne
362 1845 425 1918 quis
453 1844 526 1902 infra
547 1845 698 1901 triennium
723 1842 832 1918 legeret
852 1842 940 1902 libros
960 1843 1113 1903 naturales.

76 1926 156 1988 Libri
177 1930 304 2005 magistri
325 1922 437 2005 David,
466 1936 495 1989 et
515 1930 579 1989 libri
602 1928 705 1988 Gallici
731 1929 767 1988 de
788 1929 946 2005 theologia,
974 1936 1113 2007 perpetuo

76 2012 204 2075 damnati
233 2022 300 2074 sunt
332 2021 360 2075 et
389 2018 489 2077 exusti.
536 2015 643 2090 Sioque
670 2032 723 2092 per
750 2014 808 2074 Dei
838 2018 959 2092 gratiam
987 2016 1113 2078 haeresis

77 2107 178 2162 exorta
199 2104 311 2163 succisa
332 2109 385 2164 est.

400 2255 642 2349 *caenosum
663 2257 781 2317 xxm.

133 2376 183 2437 De
203 2377 348 2438 boaretim
371 2379 456 2454 opud
478 2379 584 2438 Traces
607 2387 719 2453 exusto,
741 2384 793 2456 qui
813 2397 843 2440 oe
865 2380 978 2440 cluebat
999 2397 1057 2440 esee

441 2465 587 2541 Spirdtunr
608 2473 752 2526 sunctum.

138 2585 198 2644 Vix
224 2591 291 2644 sunt
313 2584 370 2645 duo
391 2587 458 2644 anni
480 2586 583 2662 elapsi,
615 2587 693 2662 quod
723 2588 839 2663 quidam
868 2587 981 2647 diabolo
1009 2587 1111 2664 plenus

73 2668 154 2746 apud
175 2670 281 2731 Trecas
293 2669 314 2751 ²)
337 2689 368 2731 se
391 2689 453 2731 esse
475 2672 611 2748 Spiritum
632 2680 763 2733 sanctum
783 2674 897 2751 publice
917 2675 1111 2749 praedicabat
1155 2669 1158 2673 ’

73 2754 164 2817 cuns
185 2759 324 2817 insaniam
344 2759 442 2834 populi
463 2777 521 2818 non
543 2761 719 2835 sufferentes,
740 2763 869 2820 in‘crate
889 2767 1060 2837 posuerunt,
1083 2767 1112 2822 et

72 2845 190 2921 copioso
222 2846 288 2919 igne
321 2848 520 2921 circumposito
558 2849 587 2904 in
621 2848 774 2907 carbonem
805 2847 983 2923 redegerunt
1038 2846 1111 2907 NO-

71 2928 219 2990 VICIUS:
240 2931 316 2990 Puto
337 2935 426 2991 vitam
447 2932 560 2992 illorum
573 2934 694 2992 multum
716 2935 920 2993 exsecrabilem
941 2951 1013 3008 esse,
1035 2951 1110 3010 quo-

71 3033 136 3076 rum
157 3023 217 3076 tam
237 3017 323 3076 foeda
344 3025 388 3078 est
421 3019 556 3079 doctrina.
594 3020 829 3080 MONACHUS:
852 3020 891 3080 Ut
912 3021 1034 3097 amplius
1056 3021 1109 3081 de-

70 3105 183 3163 testeris
198 3103 404 3163 haereticorum
425 3112 528 3180 sectas,
549 3123 638 3166 unum
660 3109 719 3167 tibi·
733 3106 769 3167 de
781 3108 894 3168 illorum
915 3110 975 3168 vita
988 3110 1109 3169 subiun-

73 3205 142 3266 gsm
165 3190 336 3266 exemplum.

410 3345 641 3407 CAPITULUM
660 3348 777 3408 XXIV.

326 3442 398 3526 'De
423 3468 571 3527 haereticis
600 3469 821 3529 Veronensibus.

132 3586 275 3665 Tempore
294 3587 437 3648 Frederici
459 3589 641 3664 Imperatoris
670 3606 736 3649 cum
756 3591 864 3651 Lucius
885 3580 968 3670 Papa
993 3593 1107 3654 fecisset

66 3672 202 3736 Veronae
223 3677 337 3734 civitate
357 3674 548 3735 Lombardiac
569 3692 694 3751 moram,
716 3677 812 3737 multis
833 3685 893 3739 tam
913 3680 1106 3746 Ecclesiarum

85 3807 118 3878 1)
134 3806 155 3861 B
173 3806 371 3876 Amelricus,
389 3808 410 3863 G
426 3808 618 3863 Emelricus.
638 3841 668 3850 -
688 3810 721 3879 2)
739 3810 843 3880 Troyes.
933 3842 935 3847 ·
