2438 4170
128 114 168 174 co
424 113 651 176 nmnnonro
677 115 862 178 sneuuns
906 90 910 95 ’

128 246 227 313 spectu
247 242 380 296 semmae
401 255 512 313 poenae
535 241 617 314 quasi
638 245 814 299 momentum
845 241 997 316 reputavit
1038 240 1165 301 Dicebat

128 327 229 383 iterum
250 322 406 383 sacerdoti:
436 325 481 383 Ex
511 343 568 401 quo
590 329 715 402 negastis
737 327 805 384 mihi
818 323 835 406 ¹)
857 327 1027 387 medicinam
1049 329 1164 388 semla-

132 413 240 485 otionis,
261 417 328 486 peto
350 418 383 469 ut
403 429 461 470 nou
481 412 616 472 fraudetis
638 431 684 471 me
707 431 725 471 a
745 415 850 472 viatico
873 431 972 474 sacrae
986 418 1163 475 communio-

99 534 102 541 ·
128 500 182 556 nis.
224 497 384 573 Respondit
396 496 417 578 ²)
446 498 565 558 stolidus
602 499 748 559 sacerdos:
782 500 813 559 Si
841 501 893 559 tibi
922 519 1010 560 ausus
1038 518 1096 561 non
1123 503 1162 561 lui

129 586 274 661 iniungere
294 587 506 660 poenitentiam,
529 582 685 662 quomodo*
694 604 876 663 praesumam
890 589 942 647 tibi
949 586 970 668 ³)
984 588 1052 647 dare
1064 588 1162 647 Christi
1213 658 1215 663 .

130 689 233 747 eorpus
266 678 294 730 et
323 672 512 748 sanguinem?
555 673 593 731 Et
627 691 692 732 eum
720 673 758 733 ad
790 681 922 733 neutrum
955 677 1160 751 acquiesceret,

129 761 243 818 unicam
264 758 381 817 taudem
401 763 514 836 rogavit
534 763 708 836 petitionem,
732 761 842 819 dicens:
875 761 990 821 Statum
1018 764 1160 821 meumio

130 845 267 905 schedula
288 848 410 905 seribere
432 843 537 925 volol),
560 854 589 905 et
609 864 662 906 vos
686 847 793 906 defene
816 865 881 907 eam
901 847 1013 908 debetis
1025 850 1076 908 tali
1093 850 1160 925 Epi·

130 950 218 1008 scopo
241 940 363 1010 cognato
385 951 458 1008 meo,
481 951 517 992 ex
537 937 652 992 nomine
675 951 740 993 eum
763 934 928 1012 designaris,
961 953 1046 1012 spero
1056 933 1076 1016 ⁵)
1098 937 1159 1012 quia

22 1019 25 1023 ’
130 1021 222 1079 orabit
242 1037 294 1095 pro
315 1038 371 1078 me.
413 1021 451 1078 Et
471 1023 601 1096 promisit
615 1015 636 1100 6)
659 1021 800 1080 sacerdos.
843 1022 976 1081 Mortuus
999 1029 1042 1082 est
1063 1040 1159 1082 mona-

131 1108 215 1181 chus,
250 1113 278 1165 et
300 1107 337 1165 ad
358 1109 555 1183 purgatorium
577 1107 750 1183 deportatus.
800 1108 839 1166 Et
865 1111 944 1168 venit
972 1109 1106 1169 sacerdos
1125 1108 1159 1168 ad

130 1195 313 1270 Episcopum,
336 1193 459 1252 defuncti
480 1195 575 1253 literas
598 1198 624 1252 ei
637 1192 656 1274 ἲ)
680 1196 816 1254 deferens.
860 1195 940 1270 Quas
963 1214 1029 1255 eum
1043 1196 1158 1273 legisset,

130 1283 305 1343 amarissime
327 1276 454 1358 flevitl),
477 1281 602 1356 dixitque
625 1283 779 1341 sacerdoti:
812 1282 966 1358 Nunquam
988 1290 1099 1343 tantum
1118 1282 1158 1341 di·

130 1368 186 1426 lexi
206 1367 366 1442 hominem,
394 1366 472 1425 dolui
493 1367 528 1426 de
551 1371 611 1426 eius
634 1372 826 1443 conversione,
848 1369 925 1428 dolui
948 1371 984 1429 de
1006 1373 1159 1446 apostasia,

132 1455 214 1513 doleo
238 1453 274 1512 de
295 1461 395 1512 morte.
438 1454 534 1512 Dilexi
554 1457 668 1530 vivum,
703 1456 817 1532 diligam
847 1463 875 1515 ct
896 1464 1048 1516 mortuum.
1092 1456 1159 1534 Quia

101 1592 104 1601 ,
131 1543 223 1600 iuvari
243 1547 350 1617 potest,
381 1549 410 1600 et
437 1544 572 1601 contritus
606 1544 688 1616 obiit,
720 1544 894 1602 orationibus
915 1544 1064 1604 Ecclesiae
1083 1558 1159 1603 meae

131 1647 189 1688 non
211 1629 326 1688 carebit.
369 1628 407 1686 Et
429 1646 591 1688 convocans
612 1630 755 1705 praelatos
773 1631 964 1706 Episcopatus
986 1635 1039 1706 sui,
1061 1631 1158 1691 Abba·

132 1723 175 1775 tes
197 1717 318 1790 scilieet,
346 1711 526 1795 Decanos⁹),
555 1717 680 1792 Priores,
702 1717 836 1776 Pastores
858 1718 1044 1777 ecclesiarum
1060 1717 1097 1798 ¹⁰),
1117 1715 1158 1776 vel

133 1805 235 1878 quibus
258 1806 409 1862 commissa
429 1805 521 1862 luerat
537 1801 564 1882 ¹¹)
588 1821 656 1862 cura
676 1807 848 1878 animarum,
872 1812 900 1862 et
921 1805 977 1865 hoc
998 1808 1092 1881 ipsum
1112 1804 1158 1864 de·

132 1889 271 1949 mandans
299 1892 478 1948 monasteriis
512 1891 768 1950 sanctimonialium
785 1887 827 1970 ¹²),
855 1908 959 1967 rogans
982 1910 1048 1952 oum
1076 1891 1160 1952 mulla

134 1976 290 2035 humilitate
313 1983 341 2034 et
357 1978 499 2051 instantia,
521 1979 588 2034 viva
598 1994 670 2036 voce
683 1985 854 2052 praesentes,
876 1978 963 2038 literis
977 1982 1110 2039 absentes
1125 1974 1159 2057 ¹³),

133 2072 166 2122 ut
195 2079 293 2121 omues
321 2062 459 2137 speciales
489 2065 630 2122 orationes
660 2072 731 2139 quas
759 2067 822 2140 ipse
848 2067 981 2141 iniunxit,
1014 2066 1062 2126 illo
1091 2081 1159 2126 auno

134 2153 245 2210 animae
266 2153 325 2208 iam
347 2149 414 2208 dicti
436 2150 561 2208 defuncti
581 2151 790 2226 impenderent,
819 2159 877 2210 tam
906 2155 934 2210 in
964 2156 1057 2212 missis
1081 2169 1160 2229 quam

104 2306 109 2316 1
134 2240 162 2296 in
188 2235 313 2313 psalmis.
370 2236 437 2312 Ipse
465 2253 533 2296 vero
565 2244 677 2312 praeter
711 2239 906 2314 eleemosynas
929 2247 958 2299 et
976 2236 1003 2319 ¹⁴)
1026 2243 1161 2299 orationes

133 2324 299 2400 peculiares,
322 2341 393 2399 quas
414 2340 465 2399 pro
489 2341 523 2382 eo
544 2324 629 2399 fecit,
650 2325 768 2401 singulis
791 2326 889 2385 diebus
912 2327 1036 2386 hostiam
1058 2328 1163 2386 saluta-

135 2429 194 2470 rem
214 2428 266 2486 pro
289 2411 466 2469 absolutione
488 2413 601 2469 animae
631 2414 691 2471 eius
722 2413 888 2472 immolavit.
932 2413 1017 2489 Quod
1046 2417 1070 2474 si
1096 2415 1162 2474 lorte

134 2501 163 2557 in
184 2500 310 2557 maxima
329 2500 513 2572 necessitate,
541 2498 588 2557 vel
614 2499 787 2575 infirmitate,
819 2499 875 2558 hoc
902 2518 953 2576 per
975 2519 1007 2560 se
1028 2505 1121 2577 ipsum
1136 2496 1162 2579 ¹⁵)

134 2586 227 2644 lacere
248 2602 305 2643 non
326 2587 427 2660 potuit,
448 2585 520 2644 alter
541 2585 683 2644 delectum
703 2586 782 2645 illum
804 2585 957 2662 supplevit.
988 2587 1075 2648 Anno
1087 2606 1164 2648 eom·

134 2673 220 2750 pleto,
241 2674 270 2730 iu
292 2672 348 2731 fine
369 2675 473 2731 missae
493 2679 559 2748 post
580 2672 668 2732 altare
691 2681 769 2733 stans
785 2673 934 2732 defunctus
947 2678 1081 2751 apparuit
1096 2676 1166 2751 Epi-

135 2776 231 2835 scopo,
252 2758 383 2835 pallidus,
405 2760 493 2834 exilis,
515 2760 691 2835 macilentus,
712 2763 741 2819 in
758 2755 785 2840 16)
805 2768 884 2819 veste
899 2762 985 2837 pulla,
1008 2763 1091 2821 vultu
1112 2763 1165 2822 ha·

133 2846 252 2921 hituque
274 2851 379 2904 statum
401 2865 484 2905 suurn
506 2848 580 2914 bene
603 2848 758 2907 declarans.
803 2848 895 2924 Quem
918 2852 1167 2928 euminterrogas-

154 2999 184 3066 1)
202 2996 222 3050 G
240 2998 313 3049 mihi
336 3000 493 3065 negastis.
514 3028 544 3036 -
569 2998 600 3067 2)
618 2999 660 3050 ΒΡ
682 2999 731 3050 add
749 3001 786 3050 ei.
808 3030 837 3039 -
858 3001 889 3068 3)
907 3000 928 3050 D
948 3001 1007 3052 tihi
1034 3019 1169 3069 praesu·

203 3083 287 3119 mam.
307 3096 337 3106 -
357 3069 388 3134 4)
407 3068 427 3120 0
445 3067 595 3131 scribam;
612 3070 702 3121 moxB
721 3079 752 3120 et
770 3086 827 3121 vos
846 3069 974 3122 delerro
993 3071 1168 3135 debedat)

204 3145 236 3189 et
253 3153 309 3188 vos
327 3152 391 3188 eam
410 3136 540 3189 deterre
558 3138 702 3201 debetis,
718 3138 740 3191 Il
758 3149 790 3191 et
807 3140 937 3192 deferre
954 3157 1013 3192 vos
1031 3159 1098 3195 eum
1116 3143 1170 3194 de-

203 3207 296 3258 betis.
317 3236 346 3245 -
366 3206 502 3274 5)csdd
520 3210 653 3259 euim-
673 3210 705 3276 6)
723 3208 764 3260 Bc
781 3209 831 3260 add
849 3214 886 3260 ei.
906 3239 936 3248 -
956 3213 987 3278 7)
1006 3212 1026 3262 D
1046 3215 1074 3263 ei
1092 3213 1169 3266 lite·

203 3293 260 3328 ras.
282 3306 311 3315 -
340 3278 372 3344 8)
400 3276 521 3329 Cllere
547 3278 664 3344 coepit.
684 3308 714 3318 -
740 3277 810 3346 9)c
836 3288 866 3330 et
888 3278 1041 3332 Decunos.
1062 3313 1093 3322 -
1121 3284 1169 3352 lo)

203 3346 456 3398 Becelesiarum
475 3346 646 3411 Pastores,
663 3347 703 3399 cu
722 3357 752 3399 et
770 3347 922 3400 Pastores
946 3351 1170 3405 ecclesiarum.

206 3446 234 3454 -
255 3416 302 3482 11)
321 3416 340 3467 Β
359 3418 529 3467 commissa
557 3416 665 3480 aaut}
691 3417 797 3468 luerat
824 3420 1050 3470 commissa-
1082 3423 1130 3491 12)
1148 3423 1181 3476 D·

203 3485 440 3537 monialium-
462 3486 509 3554 13)
528 3485 548 3538 G
564 3485 674 3538 literis
691 3486 861 3551 absentes,
879 3500 1074 3555 praesentes
1092 3495 1172 3546 viva

203 3571 289 3607 voce.
310 3585 339 3594 —
362 3556 410 3624 14)
427 3555 468 3609 DP
485 3564 618 3624 praeter
635 3560 750 3609 missus
777 3557 1053 3624 etelecmosynus
1073 3577 1117 3615 ac.
1138 3594 1170 3603 -

206 3627 253 3694 15)
270 3625 290 3676 B
307 3628 533 3748 gemetipsum,
551 3633 577 3677 et
594 3626 669 3694 paulo
687 3635 759 3693 post:
776 3626 864 3696 illius
882 3644 929 3694 pro
952 3629 1046 3681 illum.
1066 3661 1099 3674 —
1120 3634 1173 3702 16]

202 3698 289 3749 tuom
328 3733 337 3749 .
