2438 4170
53 254 55 262 .
88 215 149 275 ara
399 208 627 276 nurmemo
644 211 810 292 punam
875 204 881 210 ·

87 341 163 399 aaut
177 336 341 412 paradisos
352 337 419 410 Dei,
441 344 469 396 et
489 341 564 396 sidat
584 337 735 415 Aegyptus
747 333 776 415 9,
800 340 916 412 eratque
935 336 1043 397 nimiae
1059 335 1097 396 ler-

90 422 206 482 tilitatis.
248 422 332 482 Unde
354 426 422 498 quia
443 423 606 483 Sodomitae
622 424 878 484 comessationibus
897 423 1045 496 vacabant,
1058 440 1092 498 per

88 509 233 569 libidinem
264 507 467 590 exfluebant2).
522 510 599 570 Gula
624 511 766 569 luxuriam
797 510 949 587 plurimum
975 509 1086 583 accendt

89 594 292 656 NOVIGlUS:
322 596 396 672 Quid
429 595 519 673 ergo‘l
551 597 640 656 Estne
668 597 877 672 periculosum,
908 599 931 665 si
960 595 1083 673 monachu

88 699 163 759 pane
194 689 368 742 saturaretur
379 681 422 762 3)Ῥ
455 682 689 744 MONAGHUS:
724 683 808 759 Quod
837 685 963 760 superius
990 680 1080 755 dixikde

88 769 235 844 lenticula,
256 770 312 829 hoe
334 771 420 829 modo
443 769 506 829 dico
530 770 565 829 de
586 784 686 847 pane·
713 771 748 829 In
769 788 845 847 pane
866 770 1078 843 Sodomomm-eo

90 856 167 932 quod
189 858 269 916 cibus
292 853 359 936 sit⁴)
381 858 552 933 principalis,
572 858 738 934 intelligitur
759 860 843 934 copia
858 859 978 916 omnium
990 852 1078 933 dbado·

88 939 194 1022 mm‘),
216 961 273 1018 quo
294 943 335 1001 illi
355 943 550 1003 abundabant.
592 945 679 1002 Panis
699 960 768 1004 varo
791 950 896 1019 noster,
917 946 979 1018 quia
996 942 1078 1018 greum

89 1036 133 1090 est
155 1037 184 1089 et
204 1033 299 1107 niger,
328 1034 420 1106 magis
448 1037 492 1090 est
518 1033 710 1105 necessitatis,
740 1049 828 1106 quam
850 1030 1078 1106 superfirmatae

89 1123 159 1193 puto
180 1121 273 1194 magis
294 1117 467 1177 monachum
488 1135 624 1220 peccare,
653 1120 677 1176 si
698 1117 779 1176 illum
797 1118 953 1183 abhorreat
975 1114 1014 1176 vel
1029 1110 1078 1173 del·

89 1206 339 1279 catumrequirat,
367 1207 500 1278 quamsi
522 1221 556 1264 eo
578 1206 706 1265 satietur
748 1204 878 1264 Maxima
900 1199 1065 1280 quandoque
1059 1215 1079 1256 u

57 1326 63 1339 ·
89 1309 163 1366 pane
184 1291 257 1351 solet
279 1308 341 1351 esse
362 1294 490 1351 tentatio.

316 1516 320 1525 '
416 1534 649 1596 caenosum
671 1535 802 1595 uxxx.

125 1661 186 1752 'Dc
207 1694 318 1767 clanim,
340 1697 389 1752 cui
412 1691 544 1752 Christus
560 1711 673 1767 ponem
694 1693 890 1752 hordeaceum
912 1694 995 1752 lotari
1012 1704 1052 1750 aro

450 1782 607 1838 iatinetum
623 1782 799 1854 porrexit.

154 1935 214 1995 Diu
236 1942 287 2011 est,
309 1936 387 2011 quod
407 1934 445 1994 ad
468 1935 687 1994 Claramvallem
712 1936 905 1994 conversionis
926 1935 1013 2012 gratia
1030 1926 1089 1991 cleri·

92 2040 143 2082 eus
155 2019 176 2102 6)
198 2025 278 2082 venit
299 2022 402 2081 delicat
391 2029 436 2080 tus
457 2023 551 2082 valde.
596 2021 724 2098 Cumque
746 2039 852 2124 panem
874 2027 1037 2094 conventus,
1057 2011 1091 2089 (issi

90 2117 159 2168 tunc
180 2112 315 2184 temporis
336 2109 421 2168 valde
442 2127 559 2185 grossus
582 2116 657 2183 erat,
680 2116 708 2168 et
728 2111 821 2184 pisam
843 2109 1014 2182 abhorreret,
1031 2108 1093 2177 about

92 2214 128 2254 ex
149 2197 211 2271 ipso
233 2199 348 2270 timore,
376 2214 434 2255 non
463 2197 555 2254 solum
583 2196 681 2270 famis,
711 2196 813 2254 sedet
834 2196 946 2255 suturae
967 2185 1094 2254 refectoria

90 2284 258 2357 tabesceret,
281 2290 366 2341 nocte
388 2282 513 2357 quadam
535 2281 634 2341 Salvat
623 2289 666 2340 tor
689 2284 715 2341 ei
735 2285 764 2340 in
782 2285 847 2341 visu
857 2280 877 2362 ⁷)
900 2285 1039 2359 apparuit,
1055 2285 1095 2370 (1¹¹⁰.

90 2370 190 2429 fratres
211 2371 367 2429 vescebant
356 2377 402 2428 tur
422 2371 492 2428 frust
481 2376 541 2427 tum
562 2372 645 2445 panis
657 2368 709 2449 Β’)
701 2388 730 2426 m
751 2387 839 2428 manu
860 2376 970 2444 tenens,
991 2357 1097 2444 quenti

91 2459 224 2533 porrexit
237 2463 265 2515 et
278 2460 331 2514 ait.
356 2457 479 2515 Comedo
492 2474 598 2532 panem
611 2457 696 2515 hunc.
719 2455 772 2513 Cui
787 2474 852 2514 cum
864 2473 994 2515 novrcrus
1004 2465 1097 2528 respon

91 2544 188 2603 deret:
219 2543 358 2618 Domine,
387 2540 601 2621 nequaquam⁹)
631 2545 710 2601 vesci
736 2545 817 2617 potui
845 2561 920 2618 pane
949 2543 1099 2606 hordeacea

93 2631 221 2690 Christus
236 2631 346 2690 vulneri
367 2630 462 2689 lateris
484 2633 528 2688 sui
549 2647 653 2704 panem
676 2628 798 2688 eundem
814 2627 843 2709 ¹⁰)
865 2632 986 2704 intinxit,
1007 2636 1035 2689 et
1050 2639 1100 2703 por-

90 2724 201 2778 rectum
223 2717 371 2777 comedere
393 2719 481 2775 iussit.
526 2716 572 2774 De
594 2733 651 2791 quo
679 2734 745 2774 eum
773 2723 933 2793 gustasset,
965 2718 1051 2776 faetus
1071 2712 1103 2770 est

90 2808 164 2864 sicut
184 2804 242 2863 mel
265 2804 368 2863 dulcis
383 2806 412 2862 in
442 2800 589 2862 orc⁸eius
632 2802 680 2862 Ab
702 2803 750 2860 illo
774 2806 848 2861 enim
872 2810 1000 2879 tempore
1020 2813 1104 2880 panem

90 2895 152 2950 sive
174 2892 253 2950 cibos
274 2891 427 2967 regulares,
450 2907 521 2964 quos
539 2892 617 2965 prius
639 2892 688 2948 vix
701 2895 818 2965 tangere
833 2893 934 2965 potuit,
957 2908 1023 2949 cum
1035 2885 1106 2948 mulo

91 2977 279 3037 delectatione
308 2977 438 3036 eomedit.
481 2977 546 3035 Hoc
573 2979 663 3050 scias,
693 2977 771 3050 quod
800 2976 933 3035 diabolus
963 2995 1027 3051 cos,
1052 2988 1108 3051 quos

93 3064 222 3139 decipere
244 3067 342 3139 nequit
362 3082 413 3139 per
434 3064 546 3140 gulam,
576 3063 697 3122 deiicere
718 3080 770 3139 per
789 3062 972 3122 indiscretam
995 3069 1024 3123 et
1043 3060 1110 3122 inde·

91 3151 182 3210 bitam
204 3157 321 3210 conatur
342 3152 551 3210 abstinentiam.

110 3442 140 3509 1)
158 3440 249 3493 (lenes.
268 3440 310 3503 13,
329 3441 369 3491 10.
386 3471 418 3478 -
437 3441 469 3507 2)
487 3439 547 3492 BCP
565 3439 757 3490 effluebant.
770 3470 800 3478 -
820 3439 851 3506 3)
870 3438 932 3491 Bou
951 3446 1115 3490 saturetur.

163 3540 193 3550 -—
208 3511 240 3576 4)
257 3510 275 3560 Ρ
293 3509 373 3577 quod
392 3513 484 3575 panis
503 3510 595 3561 cibus
614 3511 670 3572 sit,
689 3509 730 3561 BC
748 3507 831 3576 quod
850 3510 943 3574 panis
962 3510 1007 3560 sit
1025 3507 1116 3560 cibus.

161 3579 274 3647 muci)
297 3579 494 3630 ciborum-
524 3579 593 3646 6)c
616 3578 757 3630 clericus
784 3578 920 3645 quidam.
939 3608 970 3618 -
1001 3578 1117 3646 min

159 3651 233 3702 visu
249 3650 329 3700 ei-
349 3648 431 3715 8)ΒΟ
448 3648 590 3700 frustum
608 3651 703 3714 panis
721 3662 783 3715 quo
802 3647 927 3698 iratres
944 3647 1119 3698 vesceban-

158 3729 212 3772 tur
230 3719 265 3787 (B
282 3717 486 3786 utebantur).
500 3747 530 3758 —-
546 3720 577 3786 9)
596 3718 636 3770 ΒΟ
653 3733 865 3784 nunquam.—
886 3718 933 3783 10)
952 3716 971 3767 Β
990 3717 1118 3768 eundem

157 3805 282 3858 panem,
298 3788 318 3842 O
335 3787 487 3840 Christus
505 3787 770 3854 eundempauom
783 3786 913 3839 vulneri
931 3786 1049 3839 lateris
1066 3786 1117 3837 sui.
