2460 4162
437 271 493 330 DE
514 268 778 331 ΤΕΝΤΑΤΙΟΝΕ.
1066 271 1128 330 ⁴269

91 400 122 453 et
142 394 172 452 in
184 409 312 470 paupere
327 389 471 453 Christum
485 393 638 468 honorans,
651 391 751 452 sellam
763 392 817 452 sihi
829 388 846 471 ¹)
868 397 967 451 contra
978 407 1010 452 se
1023 408 1130 466 ponere

90 481 189 554 iussit,
219 486 249 541 et
276 496 312 539 ex
340 497 400 540 uua
420 479 541 539 scutella
567 496 684 555 unoque
704 478 814 556 scypho
838 496 903 538 cum
924 495 959 538 eo
981 476 1130 538 comedero

92 573 123 626 et
150 566 251 627 bibere
283 583 342 626 non
375 569 533 627 contemsit
581 566 695 631 Dicitur
724 567 810 626 etiarn
837 565 924 625 fixisse
954 564 1129 625 consuetudo

92 655 128 728 ci,
151 650 273 713 delicata
294 654 408 728 cibaria,
430 659 492 713 tum
505 660 622 731 propter
632 655 726 712 socios
742 659 771 712 et
784 652 919 728 hospites,
940 658 1002 711 tum
1016 657 1130 728 proptor

91 738 219 800 infirmos
239 757 391 816 pauperes,
412 756 485 816 quos
507 742 536 798 in
570 740 701 799 domibus
722 739 803 799 lectis
833 739 975 799 decubare
1002 744 1131 812 noverat,

91 827 208 903 saepius
224 842 420 908 praeparasse.
464 822 594 902 Cumque
608 826 662 885 sibi
675 827 807 902 apposita
819 825 947 900 fuissent,
969 823 1131 901 diligentius

91 912 144 972 illa
165 915 329 989 conspexit,
350 914 466 972 odorem
494 913 605 987 hausit,
633 930 721 971 manu
749 913 848 987 vertit,
873 919 905 972 ut
933 914 974 971 sic
1002 913 1131 988 appetitu
1217 902 1227 927 '

91 1006 251 1076 provocato
280 1000 402 1076 amphus
440 1005 610 1074 tentaretur,
647 1001 738 1059 ateis
763 1005 879 1075 propter
906 997 1049 1057 Christum
1073 1014 1130 1057 nou

91 1084 203 1146 utendo
222 1085 288 1163 plus
309 1092 472 1147 mereretur.
523 1084 636 1146 Deinde
657 1086 727 1144 dixit
746 1102 845 1162 puero:
865 1085 949 1144 Vade
971 1084 1048 1144 defer
1062 1101 1131 1143 scu-

92 1172 192 1233 tellam
213 1173 299 1232 istam
320 1173 425 1233 viduae
446 1173 500 1248 illi,
522 1172 570 1233 vel
591 1172 641 1232 tali
668 1173 787 1248 pauperi
814 1173 875 1231 sive
905 1171 1031 1246 infirmo,
1064 1173 1131 1246 quia

91 1260 186 1337 tnagis
206 1256 362 1339 indigeam)
386 1278 472 1336 quam
495 1275 558 1336 ogo.
602 1258 675 1318 Cum
695 1258 859 1319 huiusmodi
872 1258 1132 1334 operibuslucema

91 1344 143 1407 illu
164 1346 268 1406 ardens
289 1346 399 1406 luceret
418 1349 448 1404 in
469 1345 554 1406 domo
575 1345 632 1404 Dci
640 1342 671 1425 ³),
694 1346 802 1422 placuit
821 1346 896 1420 Deo,
917 1352 950 1405 ut
972 1362 1023 1421 per
1044 1345 1131 1404 talem

92 1433 276 1493 occasionem
304 1434 427 1509 amplius
463 1432 557 1492 adhuc
586 1433 760 1493 claresceret
806 1433 952 1492 Dominus
982 1432 1131 1508 Philippus

94 1518 273 1580 cotoniensis
304 1519 546 1596 Archiepiscopus
568 1517 636 1578 dum
663 1525 779 1596 propter
804 1525 906 1593 castra,
928 1535 1002 1594 quae
1025 1524 1132 1578 emerat

93 1607 182 1666 heato
205 1606 307 1687 Petro,
336 1608 431 1666 multis
460 1605 563 1666 debitis
597 1613 672 1666 esset
700 1605 859 1683 obligatus,
898 1605 1006 1665 dictum
1035 1613 1078 1664 est
1106 1608 1132 1663 ei

93 1710 115 1753 a
148 1693 335 1770 quibusdam,
372 1693 449 1771 quod
481 1693 622 1770 plebanus
656 1691 836 1769 supradictus
862 1691 983 1751 multam
1013 1691 1133 1750 haberet

92 1781 247 1856 pecunmn
264 1781 426 1857 repositam.
468 1779 550 1839 Missi
561 1786 628 1838 sunt
643 1780 691 1854 qui
703 1781 854 1855 pecuniam
874 1777 1131 1839 accommodarent.

93 1866 227 1944 Negunte
247 1866 404 1943 sacerdote,
431 1866 509 1942 quod
529 1868 680 1942 pecuniam
706 1882 764 1925 non
788 1865 924 1940 haberet,
950 1863 1024 1924 datis
1048 1881 1132 1924 arcae

93 1968 167 2013 suae
188 1940 327 2029 clalibus,
347 1954 416 2013 nihil
436 1951 465 2013 in
484 1949 548 2032 ea²)
570 1955 717 2012 inventum
739 1960 783 2012 est
802 1954 857 2011 nisi
869 1952 1055 2012 calciamenta
1076 1953 1132 2011 bo·

94 2042 165 2101 sina
185 2046 215 2101 et
235 2047 338 2116 uncta,
367 2058 441 2117 quaa
463 2039 501 2100 ad
529 2057 598 2099 usus
622 2046 783 2115 pauperum
804 2045 1029 2115 comparaverat
1071 2038 1132 2098 Re-

94 2128 173 2188 uersl
194 2144 260 2187 cum
282 2129 479 2188 erubescentia
501 2129 551 2202 qui
572 2128 650 2185 missi
677 2127 806 2201 fuerant,
827 2127 1034 2186 nunciaverunt
1060 2125 1133 2184 haec

93 2213 250 2291 Episcopo.
301 2214 357 2290 Qui
384 2216 438 2275 sibi
459 2216 577 2288 timens,
606 2215 680 2272 sicut
708 2211 806 2273 audivi
834 2231 853 2272 a
880 2211 1007 2288 quodam
1035 2229 1134 2271 sacer-

97 2300 183 2377 dote,
217 2317 270 2378 pro
306 2300 408 2361 eodem
444 2299 600 2362 venerabili
635 2299 784 2359 sacerdote
793 2295 813 2380 ⁵)
844 2301 934 2375 misit,
971 2297 1009 2358 ad
1045 2298 1133 2373 pedes

93 2386 171 2449 illius
207 2405 238 2449 se
272 2390 442 2464 prostravit,
478 2386 514 2447 de
549 2386 627 2447 illata
661 2388 763 2446 iniuria
797 2389 910 2446 veniam
947 2385 1095 2462 postulans
1104 2383 1135 2464 ⁶).

95 2472 236 2535 Ordinem
249 2481 378 2534 nostrum
399 2474 561 2551 specialiter
582 2472 688 2549 dilexit,
710 2480 739 2533 et
760 2491 826 2534 oum
847 2473 935 2533 vellet
954 2475 984 2530 in
1006 2488 1041 2531 eo
1063 2489 1134 2532 con-

93 2562 179 2637 verti,
200 2561 403 2637 aquibusdam
424 2560 589 2620 Abbatihus
612 2560 741 2620 eiusdem
761 2559 868 2620 ordinis
890 2566 934 2619 cst
955 2574 1082 2634 aversus,
1103 2568 1136 2616 ut

94 2646 238 2723 intellexi,
264 2651 386 2711 scientes
414 2649 504 2707 vitam
533 2649 593 2706 eius
622 2663 687 2707 esse
707 2648 930 2722 sanctissimam,
957 2652 986 2704 st
1007 2647 1135 2722 personis

95 2734 293 2795 saecularibus
306 2734 390 2795 valde
406 2736 606 2795 necessariam.
649 2733 724 2794 Cum
745 2740 821 2792 essct
842 2733 1003 2808 doorepitae
1025 2733 1136 2804 aetatis,

95 2822 251 2882 virtutibus
284 2828 498 2881 consummatus
533 2822 666 2897 migravit
687 2819 725 2880 ad
745 2819 917 2894 Dominum,
949 2818 1137 2894 sepultusque*

23 2944 28 2953 ·
96 2915 143 2969 cst
162 2908 325 2969 inecclssia
342 2909 420 2969 beati
437 2906 553 2984 Georgii
573 2907 717 2984 Martyris.
759 2904 962 2966 NOVICIUS:
992 2905 1022 2965 Si
1043 2907 1136 2964 vinun

95 3003 158 3056 tam
185 3001 317 3056 sanctum
345 3001 375 3055 et
400 3001 461 3054 tarn
495 3011 593 3054 senem
620 2993 732 3053 luxuria
755 2995 890 3068 tentavit,
918 3010 976 3052 uon
998 2992 1135 3068 mirabor,

95 3083 122 3141 sl
151 3082 272 3142 iuvcncs
299 3081 416 3141 invadit.
466 3079 701 3141 MONAGHUS:
734 3079 815 3140 Sicut
842 3079 915 3154 dixi,
947 3080 1059 3140 luxuria
1088 3082 1136 3138 vix

94 3167 183 3229 alicui
210 3171 302 3245 parcit
333 3170 429 3228 aetati.
472 3168 599 3228 Luxuria
616 3167 734 3227 coluber
755 3174 798 3227 est
817 3169 935 3243 invia,
964 3173 1088 3226 cerastes
1107 3170 1135 3225 iu

95 3257 208 3330 semita,
229 3254 363 3315 mordens
383 3254 505 3333 ungulas
527 3257 602 3331 oqui,
626 3260 658 3314 ut
680 3253 764 3314 cadat
785 3271 919 3314 ascensor
941 3255 1002 3313 eius
1023 3250 1136 3331 rotro⁷).

95 3341 175 3403 Eece
197 3341 338 3418 exempla

114 3632 149 3701 1)
164 3630 251 3686 ABG?
268 3631 333 3695 illi3
351 3631 426 3700 paulo
443 3640 502 3699 post
518 3631 560 3685 BG
572 3634 661 3754 goni.
689 3661 720 3671 -
738 3631 771 3700 2)
789 3629 832 3683 at)
850 3631 987 3700 indiget.
1007 3659 1037 3671 -
1064 3630 1096 3697 3)
1115 3630 1135 3682 C

168 3700 304 3754 Domini.
318 3728 349 3741 -
368 3701 401 3770 t)
418 3703 450 3754 in
467 3716 503 3753 en
521 3716 562 3752 om
597 3717 605 3764 3
623 3702 701 3753 ceteri
718 3699 775 3752 libri
790 3699 886 3753 habent
903 3703 934 3752 in
952 3703 1049 3752 aia-
1067 3700 1099 3767 5)
1117 3699 1137 3750 P

168 3770 346 3824 sacerdota
368 3771 567 3834 venorabili,
585 3770 605 3822 B
623 3775 694 3824 viro
712 3769 906 3824 venerabili.
927 3800 957 3810 -
983 3769 1015 3838 o]
1033 3768 1053 3821 B
1072 3767 1136 3822 sihi

168 3839 350 3909 postulans.
369 3869 401 3881 -
420 3840 452 3910 7)
470 3842 561 3895 Genea
578 3842 622 3903 49,
641 3840 683 3895 17.
