2460 4162
97 224 158 282 vra
396 219 625 285 nrsrnmuro
653 220 819 300 cunnus

97 344 158 404 tida
178 347 324 420 potatione
344 346 386 404 ita
405 348 435 404 in
456 353 555 406 ventre
574 346 743 406 tortionibus
764 345 924 405 fortissimis
934 345 1139 422 arquebstur,

99 438 132 491 ut
153 434 249 491 omnia
269 434 329 490 cius
350 436 483 492 interiora
504 433 626 508 dirumpi
641 429 657 512 ¹)
679 432 851 492 viderentur.
882 431 974 492 Nocte
995 433 1139 508 quadem,

60 510 63 521 '
101 535 166 577 cum
186 526 289 578 natura
310 526 430 595 cogente
450 523 504 578 iret
524 520 562 578 ad
582 523 732 594 privatam,
755 519 827 577 duos
847 519 978 578 homines
997 521 1030 577 in
1050 521 1139 581 trabe

99 605 227 664 eiusdem
248 623 377 666 camerae
391 623 545 682 suspensos
559 607 637 664 vidit.
668 607 758 664 Erant
771 609 846 664 enim
860 622 980 681 corpora
997 623 1102 666 eorum
1112 604 1136 687 ²)

100 694 195 768 nigra,
215 694 387 752 vestimenta
407 692 529 768 laniata,
550 693 638 768 facies
657 693 779 767 velatae,
800 699 833 750 ut
853 693 923 751 nihil
943 692 1023 751 aliud
1045 711 1136 769 quam

102 779 177 838 sures
198 786 364 855 putarentur
375 777 405 859 ³).
428 780 508 855 Quos
519 786 552 837 ut
565 782 694 839 novicius
707 797 751 838 -ex
764 782 919 855 improviso
933 783 1085 855 conspexit
1094 777 1133 860 ⁴),

101 865 185 924 valde
206 868 332 940 territus,
359 872 387 926 et
407 884 482 941 pene
503 873 584 925 extra
603 872 728 924 mentem
749 866 855 940 lactus,
876 865 914 925 ad
935 865 1134 926 dormitorium

101 955 225 1027 recurrit,
248 959 276 1011 et
286 956 365 1011 iuxta
385 952 491 1012 lectum
504 953 621 1011 Henrici
637 953 778 1026 monachi,
798 959 899 1027 postea
912 955 1029 1011 maioris
1043 953 1133 1014 celle-

101 1042 166 1097 rarii
177 1035 206 1118 ⁵),
228 1039 347 1098 anhelus
367 1040 481 1099 resedit.
519 1040 565 1112 Et,
586 1042 660 1097 sicut
679 1039 749 1096 mihi
769 1039 845 1098 idern
860 1038 1003 1098 Heuricus
1025 1043 1132 1100 recita·

101 1128 151 1200 vit,
171 1128 212 1184 ita
234 1129 413 1199 contremuit,
435 1129 476 1184 ita
497 1128 602 1185 crebris
624 1125 792 1202 singultibus
813 1134 913 1200 peetus
933 1125 1077 1201 pulsavit,
1098 1134 1132 1186 ut

100 1211 184 1271 valde
212 1216 376 1287 miraretur,
405 1213 473 1287 quid
493 1212 613 1271 haberet
641 1213 688 1271 vel
716 1212 784 1287 quid
811 1212 937 1271 vidisset
981 1212 1036 1270 Cui
1065 1231 1131 1274 cum

99 1301 240 1375 signasset
259 1305 292 1357 ut
311 1302 364 1357 iret
385 1298 549 1372 dormitum,
584 1316 617 1358 eo
647 1299 724 1375 quod
751 1299 838 1376 frigus
861 1305 950 1372 esset,
981 1305 1010 1357 et
1032 1299 1080 1359 ille
1100 1302 1131 1359 in

100 1385 161 1444 sola
182 1388 278 1444 tmrica
298 1386 422 1459 sederet,
443 1403 502 1445 non
523 1387 674 1461 acquievit.
716 1386 798 1445 Tune
826 1385 949 1461 scapulis
971 1388 1035 1445 eius
1060 1403 1131 1461 par·

101 1478 159 1531 tem
187 1475 353 1547 operimenti
378 1475 422 1530 sui
433 1467 453 1550 ⁶)
474 1474 583 1545 iniecit,
615 1474 714 1547 sieque
742 1489 833 1547 usque
862 1471 1004 1548 adsigna
1032 1479 1131 1532 matu-

99 1559 198 1619 tinalia
228 1560 327 1618 sedere
358 1562 493 1634 permisit.
546 1557 747 1619 NOVIGIUS:
787 1559 892 1616 Mirum
925 1558 1002 1634 quod
1035 1560 1131 1635 paries

99 1663 192 1705 novus
213 1653 273 1704 tam
294 1646 387 1705 valide
407 1645 561 1722 impulsus,
586 1644 740 1704 subsistere
761 1648 861 1720 potuit.
892 1643 1129 1707 MONACHUS:

101 1733 159 1791 Diu
187 1750 244 1792 non
272 1736 362 1806 stetit,
392 1736 459 1808 quia
488 1734 592 1791 crebris
613 1735 801 1790 tentationum
828 1733 931 1790 ictibus
959 1738 1130 1809 quassatus,

100 1819 216 1879 tandem
245 1820 298 1878 sub
326 1823 421 1894 specie
449 1819 518 1878 boni
547 1818 682 1893 deceptus
712 1825 755 1876 est
788 1825 816 1876 et
832 1819 978 1878 deiectus·
1020 1819 1130 1879 Factus

100 1924 168 1965 vero
190 1906 355 1980 monachus,
375 1913 408 1964 ut
424 1907 479 1964 sibi
499 1905 596 1964 liceret
616 1907 731 1964 visitare
744 1912 882 1982 cognatos
903 1922 971 1964 suos
991 1907 1022 1963 in
1035 1906 1130 1965 Frau-

101 1995 159 2065 eia,
192 2009 264 2067 quos
293 1997 358 2050 ante
386 1994 599 2051 conversionem
627 1993 657 2048 in
685 1994 785 2068 viginti
812 1994 893 2050 annis
922 2008 980 2050 uon
998 1992 1129 2067 viderat,

100 2095 153 2138 nec
175 2078 271 2137 videre
293 2084 449 2151 curaverat,
471 2084 499 2137 et
519 2077 575 2136 illic
590 2095 653 2136 esse
666 2096 717 2152 per
733 2096 840 2136 annum
860 2081 889 2136 iu
902 2078 1027 2153 quadam
1042 2078 1128 2143 domo

101 2165 205 2223 ordinis
226 2167 327 2239 nostri,
355 2165 393 2223 ab
414 2163 531 2222 Abbate
560 2181 625 2222 curn
652 2164 743 2222 multa
768 2167 980 2240 importunitate
1002 2168 1130 2225 extorsit

99 2252 156 2311 Ivit
178 2257 206 2309 et
226 2251 315 2324 rediit,
337 2268 371 2309 ac
395 2250 495 2308 deinde
517 2253 688 2325 apostasiam
713 2253 872 2324 incurrens,
899 2258 979 2310 extra
999 2252 1129 2312 ordinem

100 2338 247 2397 defunctus
270 2343 320 2395 est.
362 2337 471 2395 Retulit
490 2338 573 2395 uobis
594 2336 710 2411 quidam
731 2355 823 2413 vagus
845 2338 977 2412 clericum,
1007 2342 1058 2413 qui
1078 2338 1130 2399 fiui

100 2427 160 2484 eius
181 2424 319 2497 interfuit,
348 2423 425 2499 quod
453 2423 566 2482 cuidam
598 2422 736 2481 saeculari
757 2424 897 2482 sacerdoti
910 2422 929 2503 τ)
950 2424 1034 2484 luerit
1057 2442 1127 2485 con·

99 2512 205 2585 lessus,
238 2517 266 2570 ct
293 2512 330 2570 ab
354 2527 387 2569 eo
409 2512 540 2568 inunctus
567 2515 653 2584 atque
676 2513 900 2570 communicatus
911 2509 948 2591 ⁰),
977 2513 1077 2587 sicque
1097 2514 1128 2571 iu

47 2649 50 2655 .
98 2599 174 2659 bona
196 2600 363 2657 contritione
384 2597 543 2657 defunctus·
555 2593 639 2676 estr).
677 2595 879 2656 NOVICIUS:
900 2597 945 2655 Ex
965 2600 1049 2657 nimis
1070 2601 1127 2657 im·

98 2693 220 2761 portuna
247 2685 417 2744 daemonum
445 2685 598 2742 tentatione
625 2683 671 2743 hic
700 2683 794 2758 disco,
826 2684 889 2758 plus
919 2701 968 2743 eos
996 2687 1127 2745 timuisse

44 2838 52 2849 ,
96 2775 201 2832 novicii
220 2772 303 2830 huius
320 2772 515 2846 humilitatem,
540 2788 626 2845 quam
647 2771 801 2845 supradicti
821 2771 954 2829 monachi
975 2773 1125 2847 virginita-

96 2865 162 2918 tem.
215 2858 448 2935 MONACHU&
482 2847 576 2933 Quam
604 2859 742 2916 contraria
771 2859 816 2914 sit'
834 2856 946 2915 illorum
973 2861 1126 2934 superbiae

95 2962 164 3004 vera
176 2944 328 3019 humilitas,
350 2964 384 3005 ex
405 2947 534 3019 sequenti
548 2943 670 3019 capitulo
684 2943 795 3018 plenius
812 2960 960 3020 agnosces.
993 2943 1080 3020 Quod
1094 2942 1124 3025 ¹⁰)

96 3030 222 3089 dicturus
243 3050 322 3104 suni,
345 3031 381 3091 dc
399 3038 497 3090 sancto
518 3031 665 3089 Bernardo
687 3037 799 3105 gestum
815 3028 843 3108 ¹¹)
866 3030 976 3104 audivi,
1006 3037 1035 3090 et
1058 3035 1126 3108 quia

94 3135 234 3192 nusquam
255 3120 391 3193 scriptum
414 3119 517 3192 inveni,
538 3121 643 3193 scripto
664 3116 799 3176 mandare
822 3116 938 3194 dignum
960 3117 1043 3175 duri.

113 3374 140 3441 l)
159 3371 197 3423 BP
216 3370 381 3438 disrumpi.
401 3402 432 3411 -
451 3371 522 3441 2)1)
547 3381 637 3423 eruut
660 3375 742 3424 enirn
767 3388 919 3438 corpora,
942 3371 1005 3425 Ace
1028 3382 1124 3425 crant

160 3456 266 3492 eorum
291 3457 435 3508 corpora.
455 3472 485 3481 —
505 3442 536 3508 3)
560 3441 652 3492 dictum
671 3459 716 3508 pro
743 3442 941 3493 viderentur.
967 3441 1002 3503 V,
1025 3444 1057 3494 5:
1082 3444 1124 3509 ,in

159 3509 345 3632 ἕὲῗοΤέῗῖῐῗί(1
363 3519 417 3631 “l'
433 3512 832 3633 lll'⁰ll⁰l⁰l'f¹‘l¹li‘}irr⁴lo⁰
849 3512 1123 3648 “tellude

312 3619 317 3629 ·
338 3608 368 3619 ““
616 3620 623 3642 r
701 3619 706 3631 ¹
764 3619 771 3643 r
826 3612 879 3631 ·““

158 3666 198 3701 0m
217 3650 287 3703 ADP.
308 3679 337 3688 —
357 3581 420 3716 ing
437 3652 692 3702 communicatus
712 3658 810 3717 atque
828 3652 1029 3701 inunctus.-
1048 3651 1123 3718 9JA

157 3721 203 3781 sit3
222 3719 286 3771 conl.
305 3716 346 3780 lV,
363 3720 405 3772 43.
425 3747 454 3759 -
477 3719 1122 3789 leniremus-tt]egesta,etpau10

155 3799 213 3857 post
231 3790 340 3842 iuveni
359 3789 489 3856 scripta.
