2460 4162
401 225 456 286 DE
479 223 763 286 couvunslouu.
1056 228 1096 287 33

57 350 112 426 qni
133 350 162 408 oi
182 347 381 424 proponebant
401 349 431 406 in
453 347 630 408 confessione
650 365 775 423 poenam
799 347 939 408 malorum
960 347 1098 425 gloriam-

59 453 119 513 que
139 431 157 516 ¹)
180 434 350 517 doctorum,
371 436 493 495 verbum
514 435 675 494 miserabile
696 434 856 510 respondit:
886 432 918 494 Si
937 434 1098 512 praedesti-

58 529 150 582 natus
171 539 244 596 sum,
265 524 357 597 inquit
371 518 402 601 ²),
423 521 502 580 nulla
521 528 643 596 peccata
662 528 796 597 poterunt
813 521 882 579 mihi
894 539 1016 599 regnum
1029 539 1098 582 coe-

58 610 158 670 lorum
179 609 307 685 auferre3
329 611 354 666 si
374 607 539 684 praescitus,
560 607 640 666 nulla
661 610 739 668 bona
758 608 828 666 mihi
841 608 911 667 illud
927 608 1066 668 valebunt
1077 605 1099 690 ³)
1186 612 1189 623 '

61 697 203 758 conferre.
246 695 292 771 Et,
313 697 387 755 sicut
407 695 478 753 mihi
500 695 593 755 dicere
614 696 715 754 solitus
729 690 805 774 θεῖ’)
827 712 940 754 nonnus
952 694 1101 756 Comedus

60 800 154 843 senex
181 783 340 841 monachus
369 779 478 856 noster,
514 783 549 841 de
582 781 755 858 Thuringiae
783 784 913 857 partibus
947 782 1101 858 oriundus,

62 867 241 931 versiculum
259 869 340 928 iilum
361 868 546 934 Psalmistae:
577 868 696 927 Ocelum
717 870 788 927 coeit
808 871 956 944 Domine,
990 877 1102 929 terram

63 964 168 1016 autem
190 956 269 1014 dedit
288 957 355 1032 filiis
377 952 575 1032 hemionios),
596 955 660 1015 loco
682 957 826 1030 proverbii
847 956 886 1014 ad
906 974 990 1015 suam
1011 973 1102 1016 excu-

62 1045 208 1104 sationem
222 1038 243 1122 ⁶)
265 1044 450 1119 arguentibus
472 1059 504 1101 se
524 1044 715 1117 proponebat:
738 1049 799 1102 erat
813 1043 953 1117 siquidem
963 1042 1104 1118 literatus,

64 1137 96 1191 ct
116 1131 157 1190 ob
178 1128 234 1189 hoc
255 1129 377 1206 amplius
398 1130 557 1188 induratus.
599 1129 638 1187 Et
659 1147 724 1188 cum
746 1132 772 1188 ei
795 1129 919 1189 dicerent
939 1132 994 1188 viri
1012 1133 1101 1190 timo·

64 1218 141 1277 rati:
161 1216 299 1290 Domine,
319 1219 427 1291 parcite
449 1217 562 1275 animae
582 1223 705 1291 vestrae,
727 1216 845 1276 desinite
859 1213 878 1296 1)
900 1233 1036 1292 peccare,
1063 1234 1100 1277 ne

62 1303 210 1364 Dominus
231 1306 357 1378 peccatis
378 1304 480 1362 vestris
492 1299 513 1381 ⁸)
535 1309 708 1378 provocatus
729 1310 910 1379 peccatorem
930 1305 1102 1378 inpeccatis

62 1389 197 1466 'occidet3
228 1392 331 1448 iterum
363 1388 524 1465 respondit:
558 1389 630 1449 Oum
658 1393 767 1450 venerit
795 1391 855 1448 dies
884 1393 983 1450 mortis
1004 1408 1102 1467 meae,
1186 1420 1188 1424 =

66 1479 183 1551 moriar,
203 1493 262 1536 non
282 1477 363 1534 iilum
383 1483 483 1551 potero
505 1477 578 1536 bene
599 1477 723 1537 vivendo
738 1477 898 1551 extendere,
919 1494 1012 1552 neque
1026 1477 1102 1537 male

64 1563 194 1624 vivendo
215 1567 391 1638 praevenire.
433 1563 543 1623 Volens
574 1561 687 1644 illum⁹)
719 1567 782 1638 pius
803 1564 947 1622 Dominus
976 1581 994 1623 a
1021 1571 1102 1624 tanto

66 1667 165 1712 errore
185 1650 403 1709 misericorditer
423 1667 559 1710 revocare
582 1658 610 1710 et
630 1652 765 1710 reducere
787 1649 824 1709 ad
850 1657 990 1725 mentem,
1021 1649 1103 1708 infir-

65 1739 169 1797 mitate
189 1736 351 1813 periculosa
371 1740 466 1812 coepit
491 1755 557 1796 cum
573 1733 602 1817 ¹⁰)
622 1737 775 1814 flagellare.
816 1738 946 1796 Vocatus
968 1743 1013 1795 est
1038 1755 1102 1798 mc·

66 1824 152 1885 dicus
174 1825 244 1899 eius,
265 1826 309 1882 vir
329 1825 423 1882 bonus
445 1830 474 1883 et
496 1824 652 1898 discretus,
675 1831 704 1884 et
724 1841 782 1883 non
803 1822 897 1882 solum
917 1826 946 1880 in
968 1822 1102 1900 physica,

66 1911 122 1970 sed
144 1912 231 1970 etiam
251 1912 281 1968 in
302 1910 449 1986 theologia
468 1929 526 1971 non
547 1912 727 1971 mediocriter
736 1911 874 1969 literatus.
904 1909 957 1968 Cui
966 1910 1103 1986 Princeps

68 1998 159 2057 dixitt
179 1996 220 2057 Ut
239 1998 329 2071 vides,
350 1997 478 2056 infirmus
494 2016 557 2056 sum
575 1997 677 2073 valdc3
699 1997 803 2056 adhibe
826 2014 931 2073 curam,
953 2004 985 2055 ut
995 2000 1103 2072 possim

68 2083 282 2145 convalescere.
312 2083 425 2143 Memor
445 2085 573 2144 medicus
596 2088 695 2143 erroris
709 2084 791 2159 illius,
812 2084 958 2159 respondit
973 2081 1015 2164 ¹¹):
1036 2085 1103 2144 Do·

67 2173 157 2244 mine,
178 2171 301 2230 eivenit
323 2170 383 2230 dies
405 2175 503 2231 mortis
524 2180 652 2247 vestrae,
672 2189 731 2230 non
752 2189 804 2229 vos
826 2173 930 2245 poterit
951 2189 1019 2230 cura
1038 2189 1104 2232 mea

66 2259 156 2319 morti
173 2254 202 2336 ¹²)
224 2257 405 2334 subtrahere3
427 2261 451 2317 si
471 2276 540 2318 vero
562 2262 713 2319 moriturus
734 2275 792 2317 non
810 2260 879 2317 estis
892 2258 928 2317 dc
941 2258 1105 2318 infirmitate

66 2347 134 2418 ista,
157 2345 301 2419 superflua
322 2347 375 2404 erit
395 2345 536 2405 medicina
557 2362 630 2405 mea
672 2345 711 2403 Et
730 2345 790 2404 ille:
814 2344 964 2420 Quomodo
986 2348 1027 2405 sic
1055 2362 1104 2405 re-

65 2429 217 2510 spondes?
246 2430 280 2491 Si
298 2431 367 2495 mihi
387 2449 444 2491 non
465 2433 550 2492 suerit
570 2433 699 2493 adhibita
714 2449 798 2491 curae
814 2432 959 2508 diligentia
970 2438 1000 2491 et
1009 2432 1104 2492 diaeta

66 2519 233 2596 proposita,
261 2526 361 2593 potero
389 2526 449 2578 tam
479 2537 499 2579 a
526 2537 573 2579 mc
600 2522 664 2595 ipso
693 2534 780 2593 qnam
807 2519 844 2577 ab
873 2519 935 2577 aliis
967 2520 1106 2594 imperitis

66 2605 193 2682 negligi,
225 2610 255 2663 et
282 2611 348 2664 ante
374 2610 487 2682 tempus
513 2609 593 2666 mori.
644 2605 752 2665 Audito
780 2605 836 2664 hoc
857 2607 947 2664 verbo
967 2605 1104 2682 physicus

65 2691 194 2752 multum
215 2690 311 2750 hilans
339 2693 464 2768 effectus,
486 2693 554 2753 data
571 2696 720 2753 occasione
743 2691 904 2767 respondit:
925 2693 1059 2766 Domine,
1080 2694 1105 2751 si

65 2777 186 2839 creditis
207 2780 297 2837 vitam
317 2786 443 2838 vestram
463 2797 549 2856 posse
570 2779 704 2855 protelari
713 2782 818 2838 virtute
828 2778 995 2853 medicinae,
1017 2795 1108 2853 querc

65 2865 127 2926 hoe
161 2863 275 2924 credere
292 2861 322 2945 13)
344 2869 459 2926 renuitis
489 2867 525 2926 de
553 2868 728 2942 poenitentia
749 2872 777 2925 et
805 2866 939 2941 operibus
966 2867 1106 2942 iustitiae,

66 2969 148 3029 qnae
170 2957 237 3010 sunt
257 2952 384 3012 antidota
405 2954 539 3014 animae?
582 2954 650 3014 Sine
676 2953 721 3011 his
753 2955 849 3011 anima
879 2955 1012 3029 moritur,
1044 2955 1105 3013 sine

66 3039 115 3099 bis
135 3037 176 3098 ad
198 3040 363 3115 mnitatem‚
396 3058 470 3116 quae
493 3043 585 3100 estin
606 3041 701 3099 iutura
721 3041 796 3114 vita,
817 3056 900 3098 nemo
922 3041 1053 3115 pervenit
1066 3036 1105 3120 ¹⁴).

66 3124 264 3186 Comiderans
282 3124 472 3204 Lantgravius
494 3127 606 3203 pondus
627 3127 788 3200 verborum,
811 3134 839 3185 et
860 3129 928 3201 quia
948 3126 1107 3186 rationabi-

65 3213 133 3274 iiter
154 3219 324 3288 perorasset,
346 3213 415 3272 dixit
437 3217 476 3274 ei:
497 3215 544 3274 De
566 3221 660 3274 cetero
682 3213 809 3273 medicus
821 3215 1107 3288 estoanimaemeae,

85 3383 119 3454 1)
137 3379 182 3435 DP
199 3389 232 3433 et
254 3381 400 3450 gloriam.
421 3412 451 3423 -
471 3383 503 3450 2)
521 3384 626 3452 inquit
643 3398 684 3434 om
702 3381 750 3435 Bc.
771 3412 801 3422 -
821 3383 853 3451 3)
871 3382 891 3434 Β
908 3383 991 3436 bona
1016 3392 1108 3452 pote·

138 3458 220 3505 runt
236 3451 314 3503 mihi
337 3451 566 3515 1111111,οηιίὴί
589 3452 671 3504 bona
698 3461 853 3519 poterunt
878 3452 967 3505 illud.
987 3483 1018 3493 -
1037 3452 1107 3521 01>

138 3529 219 3572 erat.
237 3549 269 3562 -·
288 3521 320 3589 5)
337 3521 401 3573 Psal.
421 3522 481 3586 113,
499 3523 539 3574 16.
559 3548 590 3562 —-
616 3523 647 3590 6)
666 3521 686 3574 C
703 3523 894 3589 opinionem.
914 3554 944 3563 -
970 3521 1108 3590 DPdc-

138 3591 265 3643 sistite.
285 3619 316 3630 -
344 3591 376 3660 8)
399 3595 544 3659 pcccatis
571 3593 696 3643 vestris
719 3608 760 3643 om
778 3591 805 3642 P.
824 3622 855 3632 -
879 3593 911 3661 9)
935 3591 955 3644 C
979 3609 1054 3646 eum.
1074 3622 1105 3632 --

140 3660 192 3728 11))
209 3659 251 3713 BG
267 3659 365 3712 illurn.
386 3691 417 3701 -
436 3661 484 3729 11)
502 3659 631 3714 edixit
651 3691 681 3701 -
702 3662 750 3730 12)
768 3661 788 3714 Β
806 3678 874 3714 mea
898 3677 972 3714 cura
995 3664 1107 3724 morti,

138 3729 277 3785 Gmorti
300 3744 376 3782 cura
397 3746 474 3783 maa.
493 3760 523 3771 -
553 3731 601 3799 13)
619 3731 756 3783 credere
775 3747 816 3783 om
834 3730 862 3785 0.
882 3762 912 3772 -
943 3731 991 3798 tt)
1009 3729 1030 3784 G
1046 3747 1107 3786 non

137 3800 344 3873 pervenitur.

802 3873 858 3961 2*
