2438 4170
89 230 152 293 eos
410 227 638 292 ursrmomo
661 227 814 308 onmes

88 349 222 428 praelatis
243 368 331 425 quam
352 353 432 428 regni
451 351 631 428 Principibus
651 352 758 411 ibidem
780 352 973 428 congregatis,
1001 355 1029 411 et
1048 362 1121 416 esset

88 440 129 498 ibi
151 436 346 499 Godescalcus
374 438 533 497 monachus
553 445 664 514 noster,
692 444 762 497 tunc
791 440 907 498 maioris
934 436 1059 500 ecclesiae
1081 443 1117 499 in

90 525 210 584 Colonia
231 527 397 600 canonieus,
420 525 591 584 cumfratre
612 542 664 583 suo
685 525 855 585 Everhardo
877 525 1009 585 canonico
1029 527 1113 586 sancti

92 609 241 685 (lemonia,
262 611 367 687 hospes
388 610 501 671 illorum
521 628 595 687 pene
610 611 727 688 singulis
748 613 881 672 noctibus
903 629 967 672 cum
986 628 1059 672 uxore
1078 616 1112 671 et

89 697 149 757 filia
171 696 206 757 de
229 697 314 758 domo
341 700 457 774 propria
478 714 608 774 egressus
631 706 683 758 est.
727 698 812 775 Quod
835 716 901 758 cnm
923 697 1110 758 considerasset

89 783 286 860 EverbardnS‚
315 786 498 860 interrogavit
518 787 615 844 nescio
638 802 724 860 quem
744 784 873 858 illorum,
896 802 951 862 quo
971 786 1046 860 irent,
1060 782 1108 844 rel

91 870 160 947 quid
182 871 319 947 agerent?
364 870 418 929 Cui
440 889 506 930 cum
524 887 693 946 responsum
706 878 788 946 esset,
809 874 886 937 veni,
899 879 928 934 et
947 870 1015 947 vide,
1031 887 1106 930 ucu-

90 964 138 1018 tus
160 964 204 1016 cst
223 957 287 1016 illos
307 959 337 1015 in
359 958 475 1016 domum
498 958 642 1033 quandam
664 959 888 1034 subterraneam,
909 958 1025 1035 amplam
1036 957 1103 1031 satis,

65 1118 70 1125 ἡ
92 1047 122 1102 in
137 1061 195 1119 qua
208 1044 305 1102 multis
317 1061 352 1103 ex
362 1051 484 1119 utroque
498 1063 568 1104 sexu
580 1048 768 1122 congregatis,
786 1045 904 1121 quidam
916 1042 1102 1105 haeresiarches

91 1148 252 1190 sermonem
281 1130 465 1205 blasphemiis
492 1132 609 1207 plenum
638 1134 747 1191 cunctis
776 1134 938 1192 tacentibus
964 1133 1033 1206 feeit,
1055 1145 1101 1205 per

92 1235 177 1294 quem
198 1219 287 1277 vitam
310 1223 339 1276 et
359 1224 452 1277 mores
473 1219 586 1277 illorum
606 1220 735 1277 instituit.
751 1209 880 1279 'Deinde
899 1221 1026 1279 exstincta
1041 1232 1098 1276 cau·

92 1303 171 1379 dela,
203 1306 398 1380 unusquisque
431 1306 485 1363 sibi
512 1306 671 1380 proximam
702 1307 821 1380 invasit,
853 1305 961 1364 nutam
985 1304 1097 1365 habentes

93 1390 277 1450 differentiam
302 1393 375 1450 inter
403 1391 560 1468 legitimam
582 1398 611 1451 et
636 1391 798 1451 absolutam
811 1389 837 1473 ¹),
868 1395 942 1451 inter
960 1391 1056 1451 viduam
1073 1391 1096 1445 et

91 1479 244 1554 virginem,
272 1480 344 1537 inter
377 1477 521 1537 dominam
550 1485 579 1537 et
606 1478 753 1553 ancillam,
786 1484 829 1554 et,
864 1478 942 1554 quod
967 1472 1094 1537 horribilius

93 1571 168 1639 erat,
188 1566 269 1633 inter,
293 1581 418 1624 sororem
440 1571 469 1624 et
490 1564 586 1623 filiam.
636 1564 820 1625 Everhardus
841 1568 910 1626 ver'o
926 1565 994 1625 haec
1012 1561 1092 1631 vidus.

91 1657 191 1727 utpote
204 1653 315 1710 invenis
328 1651 490 1710 luxuriosus
503 1659 590 1726 atque
602 1668 694 1728 vagus
703 1648 733 1731 ²),
755 1652 892 1711 simulans
906 1670 937 1712 se
951 1647 1092 1727 dscipduu

91 1737 212 1814 hospitis
234 1740 278 1796 sui
299 1737 390 1813 filiae,
418 1738 465 1797 vel
486 1739 566 1798 alteri
596 1740 711 1800 cuilibet
737 1738 852 1815 puellae
880 1741 909 1797 in
938 1751 1049 1798 sermone
1068 1745 1091 1789 tt

93 1826 245 1900 coniunxit,
267 1841 333 1884 curn
354 1842 412 1900 qua
426 1827 566 1885 exstincta
587 1825 707 1885 candela
719 1827 859 1901 peccavit.
892 1825 1014 1902 Cumque
1029 1811 1090 1894 hod)

92 1913 239 1971 actitasset
266 1928 340 1987 pene
361 1930 467 1971 annum
489 1912 642 1987 dimidium,
663 1914 798 1989 magister
820 1915 930 1972 cunctis
948 1906 1090 1972 audientibus

93 2000 148 2057 ait:
174 1997 296 2057 Juvenis
316 2001 369 2058 iste
391 2004 451 2058 tarn
473 1999 598 2058 studiose
619 2000 780 2074 frequentat
800 1999 971 2060 auditorium
989 2000 1090 2060 nostnlfflr

93 2087 149 2143 cito
171 2085 273 2144 habilis
296 2088 347 2144 erit
369 2085 406 2144 ad
429 2085 589 2144 docendum
610 2085 690 2144 alios.
732 2085 797 2144 Hoc
819 2087 909 2146 verbo
931 2086 1090 2156 auditam

93 2172 214 2246 amplius
235 2173 357 2231 intravit.
400 2172 452 2247 Et,
481 2174 555 2231 sicut
576 2173 645 2230 nrihi
666 2173 760 2230 retulit
780 2173 944 2247 praedictus
966 2160 1089 2231 Godescsl·
1131 2206 1135 2215 .

93 2275 153 2332 cus,
175 2258 341 2316 camillum
364 2259 399 2317 dc
421 2259 476 2318 hoc
493 2266 632 2334 argueret,
654 2259 814 2334 respondit:
836 2260 948 2334 Sciatis,
967 2259 1044 2327 frater,
1059 2261 1090 2306 me

91 2362 150 2403 non
177 2345 356 2420 frequentare
385 2346 583 2427 conventicula
611 2347 819 2405 haereticorum
846 2353 961 2423 propter
979 2345 1091 2404 haema,

91 2431 144 2490 sed
165 2438 279 2507 propter
299 2432 418 2508 puellas.
461 2434 537 2491 Ecce
560 2433 624 2492 talis
638 2434 752 2491 estvita
766 2439 795 2491 et
815 2429 891 2511 lert)
915 2433 1091 2491 haereticorum·

91 2517 153 2578 Nec
174 2521 290 2592 mirum,
320 2522 465 2594 quianon
488 2519 607 2578 credunt
627 2522 862 2578 resurrectionem
884 2519 931 2579 vel
951 2518 1091 2594 gehennam

92 2606 153 2665 sive
174 2622 298 2680 poenam
318 2607 473 2682 malorum3
500 2609 616 2681 impune
644 2609 719 2665 enirn
732 2603 752 2686 ⁵)
774 2609 893 2665 transire
914 2611 1011 2682 putant
1027 2609 1092 2675 qual·

92 2709 205 2768 cunque
228 2699 326 2769 agunt.
368 2692 571 2754 NOVICIUS:
594 2692 701 2751 Audivi
723 2693 800 2768 quod
814 2693 897 2751 multi
916 2689 1039 2752 haeretici
1054 2681 1093 2741 sint

91 2780 121 2838 in
142 2780 324 2839 Lombardia.
377 2779 611 2840 MONACHUS:
640 2779 706 2838 Hoc
727 2783 831 2838 mirum
852 2785 987 2854 nonest,
1016 2767 1093 2834 habnt

93 2869 168 2925 enim
190 2884 257 2925 suos
274 2868 426 2943 magistros
447 2869 477 2925 in
500 2867 617 2926 diversis
632 2868 803 2941 civitatibus,
824 2873 923 2942 aperte
942 2867 1060 2943 legentes
1074 2854 1094 2910 θῑ

93 2970 204 3013 sacram
225 2956 359 3030 paginam
380 2971 512 3030 perverso
535 2961 717 3029 exponentes.

418 3125 649 3186 caparnaum
669 3121 807 3206 xxva)

115 3248 162 3306 Dc
184 3248 342 3318 haeretico,
373 3252 424 3323 qai
452 3247 603 3306 diabolum
626 3247 738 3306 dicebat
760 3266 818 3306 cece
834 3251 996 3323 princpes
1016 3232 1099 3303 heiu*

317 3335 429 3407 mundi,
452 3353 484 3393 eo
508 3335 590 3410 quod
609 3335 755 3392 mundum
777 3343 908 3393 creasset.

157 3455 201 3513 Eo
224 3460 428 3531 temporeque
452 3454 520 3518 Otto
543 3456 607 3518 Rex
628 3456 771 3532 profectus
794 3462 838 3514 est
856 3456 978 3514 Romam
998 3440 1099 3513 coronati

112 3605 143 3675 1)
160 3605 213 3668 xli,
231 3608 261 3657 5:
281 3604 387 3669 „nullam
407 3606 502 3656 habens
520 3605 683 3657 differentiam
703 3608 769 3658 iuter
785 3614 890 3656 matrem
909 3598 1099 3663 reilluminat

162 3675 298 3743 legitimam
318 3683 343 3725 et
361 3674 565 3726 absolutam.“
587 3706 617 3714 -
643 3676 675 3743 2)
684 3675 741 3726 libri
759 3691 870 3728 vanus.
889 3674 959 3728 Conf.
976 3673 1015 3735 xt,
1031 3668 1099 3722 59³

162 3744 249 3814 aJAP
267 3744 358 3807 hacc;
377 3745 450 3810 paulo
463 3745 678 3810 postGannnm
697 3754 727 3795 et
745 3743 917 3796 dimidium.
931 3737 1049 3811 -d)BG
1063 3734 1100 3786 1⁰¹

161 3824 194 3868 et
212 3816 288 3870 vita.
304 3845 334 3855 -
355 3815 387 3886 5)
406 3816 488 3867 enirn
506 3830 549 3867 om
563 3814 614 3867 BG.
633 3845 663 3855 —
682 3816 716 3881 *i
732 3813 821 3866 llomil.
839 3814 880 3867 lll.
898 3830 924 3882 p.
941 3816 965 3866 7.
