2438 4170
121 252 181 310 388
441 245 668 308 DISTINOTIO
697 246 832 332 SEXTA

120 373 249 448 cipitens,
270 370 393 429 flammis
415 375 535 445 excepta
552 372 681 446 spiritum
698 370 851 430 exhalarit.
894 368 930 428 In
950 371 1015 446 ipsa
1035 369 1111 430 hora
1131 369 1161 429 hi

33 474 35 480 “
106 461 168 534 'qui
190 461 264 517 eirca
286 458 402 516 domum
423 457 548 532 fuerant,
577 457 761 533 contemplati
783 463 849 517 sunt
871 456 1037 516 columbam
1060 457 1162 516 candi-

120 546 264 604 dissimam
287 544 323 603 de
345 561 394 602 ore
415 544 537 602 fornacis
565 547 655 618 exire,
683 551 799 603 etcum
820 543 912 603 multa
935 543 1065 604 claritate
1089 544 1161 604 coeli

119 638 229 692 secreta
249 638 406 706 penetrare.
450 631 608 704 Stupefaeti
629 637 726 690 autem
748 631 919 705 derisione,
943 632 1069 690 effractis
1089 631 1161 690 fori-

120 721 176 778 bus
196 721 316 794 ingressi
337 724 411 792 sunt,
433 724 461 776 et
479 719 616 776 feminam
631 721 797 776 semiustam
811 725 898 793 atque
912 721 1086 777 exstinctam
1107 736 1160 777 ex·

118 806 276 878 trahentes,
306 805 343 862 ad
372 805 493 863 verbum
520 805 657 879 praedicti
685 805 856 879 sacerdotis,
885 811 1027 880 tanquam
1047 807 1161 880 proprii

119 894 244 968 eorporis
258 892 481 966 interfectricem,
503 894 531 948 iu
555 908 656 966 eampo
679 891 858 966 sepelierunt.
902 891 943 951 Ut
964 898 1064 951 autem
1079 893 1160 951 Deus

118 979 279 1039 ostenderet
300 985 420 1036 mortem
442 983 501 1036 tam
524 979 686 1054 simpliciter
706 979 822 1053 illatam,
843 995 902 1036 non
924 979 1014 1038 fuisse
1038 996 1074 1038 ex
1096 998 1159 1038 ma-

117 1066 185 1141 litia,
207 1064 258 1124 scd
280 1083 315 1124 ex
337 1065 505 1139 obedientia,
527 1067 658 1123 noctibus
682 1065 806 1124 candelis
828 1065 1011 1140 ardentibus,
1034 1065 1159 1125 videnti·

118 1155 172 1212 bus
182 1152 277 1211 multis
295 1149 328 1231 ¹),
350 1151 491 1210 tumulum
515 1154 575 1210 eius
596 1152 754 1210 illustravit.
797 1151 1004 1212 NOVIOIUSr
1026 1153 1093 1212 Non
1115 1171 1160 1212 me

117 1239 291 1300 scandalizat
313 1240 367 1298 hoc
388 1239 503 1312 factum,
527 1241 594 1313 quia
615 1239 719 1315 legitur
739 1241 768 1296 in
782 1239 992 1314 Vitaspatrum,
1015 1240 1159 1314 quendam

117 1326 263 1386 Abbatem
275 1327 387 1383 cuidam
395 1326 502 1384 volenti
515 1329 650 1400 converti,
672 1332 703 1383 ut
713 1326 858 1384 fornacem
869 1326 1021 1385 ardentem
1029 1323 1049 1405 ²)
1069 1329 1159 1386 intra·

116 1424 168 1488 ret,
188 1415 368 1489 praecepisse
378 1409 408 1492 ³).
452 1411 587 1470 Obedivit
607 1413 662 1486 ille,
685 1419 713 1471 et
733 1418 897 1486 reputatum
910 1415 994 1472 estei
1016 1414 1055 1472 ad
1077 1416 1159 1473 iusti-

116 1503 195 1560 tiam.
238 1499 304 1558 Hoc
333 1502 418 1558 ctiam
448 1501 519 1558 scire
549 1498 687 1572 delectat,
720 1499 787 1574 quid
818 1500 953 1559 columba
984 1501 1021 1558 de
1043 1501 1160 1560 fornace

118 1604 233 1664 egressa
244 1584 266 1666 ⁴)
288 1587 435 1662 significet.
478 1584 716 1645 MONACHUS:
749 1584 884 1644 Animam
913 1587 1054 1662 simplicis
1076 1588 1158 1647 femi-

52 1714 54 1718 =
116 1691 180 1733 nae.
223 1674 298 1732 Nam
326 1676 354 1731 in
384 1675 478 1748 speeie
508 1673 635 1731 eiusdem
663 1673 793 1731 aviculae
823 1680 945 1732 sanctus
965 1674 1157 1748 Benedictus

117 1764 191 1820 sicut
211 1763 240 1818 in
263 1764 322 1820 eius
345 1761 414 1819 Vita
435 1760 537 1836 legitur
549 1757 580 1839 ⁵),
601 1762 727 1819 animam
749 1763 853 1819 sororis
875 1777 946 1820 suae
959 1761 1158 1822 Scholasticae

116 1848 187 1906 vidit
209 1848 305 1907 coelos
326 1854 483 1923 penetrare.

436 2037 669 2097 CAPITULUM
690 2037 842 2097 XXXVI.

304 2161 351 2218 De
379 2167 474 2218 morte
495 2160 643 2218 Lodewfet
665 2161 800 2234 simplicis
822 2160 967 2217 morruebr'.
1007 2206 1011 2214 .

183 2282 323 2340 Columba
344 2282 415 2340 haee
439 2281 476 2340 ad
497 2288 620 2340 urentem
642 2282 711 2339 mihi
732 2287 849 2340 revocat
864 2282 1043 2340 monachum
1066 2300 1155 2357 quen-

118 2370 183 2428 dam
206 2371 381 2444 simplicem,
409 2369 593 2428 Lodewieum
614 2372 745 2442 nomine,
775 2371 909 2443 quiante
932 2369 989 2428 hoe
1012 2371 1155 2428 biennium

117 2457 194 2532 apud
216 2475 268 2515 nos
291 2456 441 2514 defunctus
464 2462 515 2514 est.
558 2457 614 2514 Hie
637 2474 703 2514 eum
724 2463 850 2530 tempore
872 2455 1032 2515 meridiano
1055 2461 1154 2531 agoni-

117 2550 202 2619 zaret,
226 2551 254 2602 et
276 2551 433 2601 conventus
451 2544 592 2616 dormiret,
615 2543 772 2601 monachus
792 2543 907 2617 quidam
929 2545 958 2599 in
982 2546 1091 2601 somnis
1111 2545 1153 2600 in-

116 2633 198 2690 terim
227 2632 297 2688 vidit
328 2631 490 2688 columbam
524 2630 674 2688 candidam
704 2633 731 2686 in
761 2636 836 2688 tecte
867 2629 1004 2703 cellulae,
1037 2633 1067 2686 in
1100 2647 1154 2704 qua

117 2721 239 2777 moriens
267 2720 394 2791 iacebat,
423 2717 602 2775 residentem.
648 2717 700 2774 Cui
730 2723 822 2775 cattus
849 2719 929 2792 niger
950 2717 1152 2789 insidiabatur;

117 2813 146 2864 et
168 2823 233 2863 cum
257 2812 331 2863 esset
354 2808 379 2862 el
400 2807 483 2861 nimis
505 2807 691 2878 importunus,
715 2804 847 2861 columba
869 2805 905 2861 ab
930 2821 964 2862 eo
980 2802 1152 2878 apprehendi

116 2895 226 2966 timeus,
248 2893 285 2950 ad
300 2892 449 2950 ecelesiam
464 2890 609 2949 volitando
632 2892 752 2966 fugiens,
776 2908 861 2964 super
883 2908 999 2948 erucem
1019 2890 1152 2962 ascendit,

116 2980 156 3036 ibi
177 2979 303 3036 residens
326 2996 433 3036 secura.
477 2977 587 3035 Eadem
610 2978 681 3036 bora
699 2980 793 3034 visum
806 2973 826 3056 ⁶)
849 2977 930 3035 alteri
953 2977 1070 3036 cuidam
1090 2994 1152 3035 mo-

116 3065 209 3123 nacho
233 3066 292 3138 fuit,
317 3065 393 3137 quod
415 3066 546 3123 fratribus
570 3065 743 3122 circulariter
764 3064 829 3121 hinc
851 3063 916 3121 inde
935 3067 1088 3138 stantibuS,
1109 3064 1151 3122 leo

116 3153 253 3209 circuiens
270 3155 435 3226 Nstationem
465 3152 584 3209 eandem
614 3154 768 3225 irrumpere
791 3153 869 3208 nisus
891 3153 927 3208 sit
940 3147 972 3228 ⁷).
985 3157 1013 3208 et
1034 3154 1151 3223 intrare3

89 3270 92 3275 ·
116 3237 168 3296 sed
189 3255 207 3295 a
229 3228 346 3315 singulis
367 3238 588 3312 prohibebatur,
618 3245 646 3296 et
676 3238 802 3296 calcibus
825 3254 922 3295 eorum
944 3238 1087 3312 impulsus
1108 3237 1152 3295 fu·

117 3325 248 3400 gebatur.
270 3324 385 3381 Interim
396 3343 532 3400 percussa
548 3326 653 3399 tabula,
676 3331 832 3384 conventus
849 3322 1008 3403 aceu1·rit⁸),
1030 3327 1152 3383 merien-

116 3419 173 3470 tem
197 3414 395 3515 elreuphstetit,
425 3413 557 3488 dictaque
579 3413 698 3486 letania,
729 3411 862 3470 sacerdos
885 3411 1052 3486 defunctus,
1081 3412 1152 3469 lotus

33 3664 47 3681 ,Ι
134 3617 163 3684 1)
182 3614 349 3668 llenltis
369 3612 566 3666 videntibus.
592 3645 621 3653 -
647 3615 679 3682 2)
697 3614 860 3665 ardentem
885 3611 934 3663 add
952 3612 1002 3664 BC.
1029 3642 1060 3651 —
1087 3612 1153 3677 3)ss

184 3678 312 3754 quidam
332 3684 441 3735 Abbus
460 3715 492 3721 —
511 3688 737 3751 praecepisse,
755 3684 774 3736 B
793 3682 877 3751 quod
896 3682 1028 3750 quidam
1048 3682 1152 3733 hbbas

185 3787 216 3795 -
236 3756 417 3822 praecepit.
436 3783 469 3791 -
488 3755 519 3821 4)
538 3771 674 3821 egre-sse
692 3754 741 3805 edd
759 3754 807 3805 BG.
827 3784 857 3793 —
877 3754 908 3817 5]
923 3752 1028 3820 Gregor.
1044 3753 1106 3804 Dial.
1124 3752 1153 3813 ll,

179 3826 222 3879 el.
244 3857 275 3866 -
297 3826 327 3896 6)
347 3825 388 3880 Be
406 3825 513 3879 visum
530 3833 588 3875 est.
608 3855 637 3863 -
656 3825 691 3892 il
706 3825 727 3876 B
744 3833 802 3874 est.
826 3853 855 3862 -
876 3823 908 3888 8)
928 3823 947 3874 D
967 3825 1119 3874 occurrit.
