2438 4170
53 92 59 107 '
88 126 148 184 na
400 121 629 186 umumcmo
651 120 801 184 enauit

441 280 675 342 cnrmmmr
695 276 773 362 na)

86 407 136 465 De
155 406 268 477 elatea
290 407 342 479 qai
362 411 553 479 stupraverat
572 422 699 464 aaaran
721 405 836 478 mattis,
859 372 1029 481 qaaa‘poa
1044 366 1098 463 aar·

153 492 311 568 fassianam
332 491 467 551 ducatus
488 496 521 550 ia
541 492 659 551 stabulo
682 492 758 551 died
779 509 838 550 cece
858 491 1048 567 carucatam
1100 546 1103 553 .

152 610 236 672 Miles
259 612 376 688 quidam
397 615 427 671 in
455 613 524 673 villa
554 613 680 688 quadam
711 613 870 687 habitavit,
900 614 981 671 culus
1007 588 1099 671 morea

89 700 217 760 ciusdem
249 699 334 758 villae
363 701 496 760 sacerdos
524 718 576 775 pcr
603 700 774 759 adulterium
802 699 968 759 maculavit.
1008 698 1099 758 braun

89 795 133 848 est
153 787 247 861 militi,
277 789 345 863 quia
372 789 506 846 sacerdos
534 805 595 846 rem
617 788 738 846 haberet
759 804 826 846 cum
845 804 936 847 uxore
958 804 1017 846 sua.
1052 784 1099 861 Ila,

90 892 156 937 cum
178 877 221 933 vir
242 874 366 950 prudens
387 882 478 951 esset,
499 891 553 934 nec
574 876 670 934 verbis
691 874 774 934 facile
797 874 940 953 erederet,
962 869 1099 933 nollendo

89 963 145 1023 hcc
166 964 339 1021 mentionem
360 962 453 1021 lacere
474 961 566 1021 voluit
598 964 680 1020 oxori
706 964 767 1020 sive
796 962 951 1037 sacerdoti,
978 963 1099 1021 venatu

89 1052 184 1110 verius
201 1046 218 1129 ¹)
228 1049 328 1108 volens
339 1052 467 1135 experiri.
499 1049 564 1108 Non
586 1056 683 1108 tamen
705 1051 766 1107 sine
780 1051 942 1124 suspicione
956 1048 1015 1107 fuit
1043 1046 1099 1105 Gou-

90 1140 154 1214 tigit
174 1143 207 1194 ut
227 1139 256 1193 in
277 1136 403 1210 quadam
423 1136 507 1211 villa,
539 1153 599 1195 non
619 1136 742 1194 multum
763 1152 781 1195 a
802 1135 899 1194 militis
921 1136 991 1195 villa
1009 1138 1099 1207 nmo,

91 1222 207 1300 quidam
228 1224 362 1282 obsessus
385 1230 478 1298 esset,
499 1226 528 1281 in
550 1240 608 1298 quo
631 1222 813 1282 daemonium
835 1230 895 1282 tam
916 1240 1037 1299 nequam
1050 1224 1099 1291 att,

91 1320 123 1370 ut
157 1328 254 1370 coram
282 1311 441 1369 astantibus
470 1313 676 1386 improperaret
703 1316 840 1385 peccata,
875 1327 950 1387 quae
978 1326 1026 1387 per
1049 1324 1100 1367 eon·

90 1400 242 1457 sessionem
263 1415 361 1456 veram
382 1415 440 1456 non
461 1397 581 1457 fuissent
597 1404 683 1456 tecta
727 1397 813 1472 Quod
827 1415 894 1456 cum
908 1397 990 1456 miles
1002 1414 1034 1456 cx
1044 1392 1099 1454 md·

91 1492 186 1545 tarum
208 1485 351 1544 didicisset
371 1484 524 1559 relatione,
544 1486 658 1561 rogavit
679 1490 846 1560 suspectum
867 1485 922 1543 sibi
944 1482 1098 1553 sacerdota.

91 1578 124 1633 ut
154 1573 192 1633 ad
221 1571 395 1646 colloquium
425 1571 571 1647 quoddam
607 1589 705 1631 seeum
737 1574 779 1630 ire
807 1588 866 1630 non
897 1576 1043 1631 recusaret
1073 1566 1099 1627 it

92 1662 236 1736 acquievit
257 1659 399 1718 sacerdos.
444 1658 517 1717 Cum
538 1660 684 1718 venissent
705 1658 789 1720 simul
809 1661 839 1717 in
860 1659 976 1735 villam,
1001 1659 1045 1718 nbi
1060 1654 1098 1715 cb·

92 1764 188 1806 sessus
210 1754 278 1821 crat,
301 1749 431 1805 conscius
452 1748 514 1821 ipse
536 1747 591 1805 sibi
612 1746 754 1821 sacerdos,
776 1753 943 1822 suspectum
964 1742 1098 1823 coepitiu-

93 1835 163 1894 bere
184 1834 317 1907 militem,
344 1836 491 1908 quianon
513 1829 609 1912 cum²l
631 1833 754 1908 latebat,
775 1834 854 1908 quod
875 1835 1009 1893 obsessus
1026 1836 1099 1891 aton

93 1938 217 2001 nequam
240 1921 380 1980 daemone
402 1923 430 1978 ‘m
451 1920 554 1978 cadem
575 1921 644 1979 villa
664 1921 817 1979 habitaret.
858 1920 1028 1996 ‘limamque
1044 1919 1099 1976 nus

93 2025 171 2083 suae,
193 2011 217 2067 si
240 2027 257 2067 a
280 2007 419 2066 daemone
439 2008 614 2084 proderetur,
634 2010 835 2067 necessitatem
855 2014 976 2068 naturae
987 2004 1100 2073 indam

92 2097 209 2155 mtravit
230 2094 375 2154 stabulum
397 2094 435 2153 ad
456 2113 571 2153 servum
592 2094 696 2170 militis,
720 2095 899 2170 pedibusque
922 2098 983 2155 eius
1002 2098 1101 2172 prosdo-

94 2189 148 2257 tus,
170 2185 228 2242 ait:
250 2182 334 2258 Rogo
357 2189 385 2241 te
407 2189 523 2258 propter
542 2181 715 2256 Dominum,
746 2189 780 2240 ut
801 2182 902 2240 audias
924 2183 1103 2242 comessionem

93 2286 197 2329 meam.
242 2269 335 2344 Quem
356 2287 455 2328 servus
478 2285 672 2344 expavescens
693 2269 814 2343 levavit,
842 2270 962 2329 audiens
990 2261 1102 2346 quactl

93 2357 141 2417 illc
165 2357 340 2415 dicebantur.
360 2346 474 2415 'Facta
501 2373 572 2414 uero
599 2356 792 2432 confessione,
820 2374 887 2415 cum
916 2358 971 2416 sibi
998 2351 1105 2416 sacerdot

94 2446 201 2519 iniungi
222 2451 332 2519 peteret
351 2446 572 2519 poenitentiam,
600 2461 700 2503 seruus
722 2446 791 2502 satis
812 2443 967 2519 prudenter
987 2436 1108 2520 rcspcbffil

95 2532 135 2591 illi
156 2533 268 2591 dicens:
302 2531 448 2607 Quiantum
476 2531 557 2589 alteri
585 2530 727 2589 sacerdoti
754 2547 805 2606 pro
827 2531 878 2589 tali
900 2534 1014 2591 crimine
1031 2532 1110 2589 mint·

95 2618 285 2695 geretis‚l10c
307 2621 343 2677 sit
366 2619 520 2704 satisfactio
543 2625 646 2676 vestra.
690 2617 795 2692 Sicquc
817 2621 913 2678 exiens
931 2618 1115 2678 iamsecuriors

96 2724 162 2766 cum
183 2707 271 2765 milite
292 2705 330 2763 ad
353 2704 503 2764 ecclesiam
524 2707 611 2763 venit.
653 2704 688 2762 In
710 2723 768 2780 qua
797 2705 1011 2767 daemoniosum
1035 2704 1119 2764 oden·

97 2793 211 2868 dentes,
240 2795 392 2868 requisitus
422 2799 466 2851 est
488 2810 506 2850 a
527 2791 615 2856 milite
636 2794 665 2850 in
687 2791 889 2852 haec'verba:
921 2793 1003 2853 Nosti
1022 2772 1124 2866 siquid

97 2880 133 2939 dc
153 2880 221 2941 mc‘l
264 2880 328 2939 Hoc
352 2876 455 2958 cnim³)
479 2897 514 2938 cx
535 2879 674 2937 industria
695 2880 803 2937 iactum
825 2887 882 2955 est,
912 2887 945 2939 ut
976 2883 1032 2940 iam
1050 2873 1129 2938 dctss

96 2968 237 3027 sacerdoti
258 2967 369 3025 tolleret
391 2969 588 3041 suspicionem.
632 2965 685 3024 Oui
708 2984 774 3024 cum
797 2966 919 3026 daemon
940 2971 1034 3028 nescio
1051 2942 1137 3041 'quid

97 3054 289 3131 responderet,
311 3054 427 3113 adiecit:
450 3052 526 3128 Quid
547 3054 599 3111 tibi
620 3053 733 3112 videtur
755 3054 790 3113 dc
813 3054 928 3113 dominc
950 3054 1025 3114 istc?
1063 3052 1141 3111 Re·

97 3142 212 3219 spondit
233 3142 293 3199 illc:
315 3141 390 3200 Nihil
413 3140 448 3198 dc
476 3157 510 3199 co
533 3143 601 3198 scio.
643 3139 682 3198 Et
703 3157 768 3199 cum
789 3138 874 3221 bcc⁴)
897 3142 1014 3202 dixisset
1031 3132 1148 3216 inqui

98 3230 272 3303 leuterico,
293 3229 394 3287 Latine
416 3245 483 3286 mox
506 3229 665 3287 subiunxit:
698 3227 732 3284 In
754 3228 867 3288 stabulo
888 3229 1054 3289 iustificatos
1071 3208 1154 3285 eff

98 3316 199 3375 Nullus
221 3324 289 3375 tuuc
310 3316 409 3374 aderat
431 3315 604 3374 clericorum.
637 3312 839 3375 NOVICIUS:
861 3315 939 3375 Satis
954 3324 1031 3393 puto,
1048 3284 1154 3390 quo'd

99 3422 156 3463 urm
177 3410 278 3479 sprauto
301 3422 354 3461 sua
374 3402 423 3460 illa
444 3401 514 3460 hora
535 3401 661 3460 latinista
686 3402 777 3461 factus
807 3405 843 3461 sit
873 3403 1011 3463 diabolus.
1050 3386 1154 3461 ΜΟ

99 3491 273 3551 erttllllS:
295 3491 359 3550 Non
382 3496 427 3549 cst
446 3492 601 3565 pennissus
623 3489 701 3564 loqui
718 3490 884 3566 Teutonico,
905 3509 942 3550 ne
963 3492 1041 3550 miles
1058 3480 1154 3547 νύ

117 3644 148 3711 ⁸)
166 3642 255 3695 llcmil.
274 3641 303 3693 ll.
322 3657 347 3709 p.
368 3640 407 3693 13.
427 3671 457 3680 -
478 3641 509 3708 l]
527 3640 599 3692 llom.
617 3640 757 3708 plenius.
777 3670 808 3680 -
826 3641 859 3709 2.)
876 3657 947 3693 eum
963 3640 1012 3693 add
1028 3637 1070 3695 Bc.
1087 3640 1154 3673 f

166 3714 200 3783 3)
218 3712 238 3767 G
255 3720 367 3765 autem.
388 3742 417 3751 -
438 3712 469 3782 4)
488 3711 552 3763 altu
570 3711 656 3762 haec.
