2438 4170
88 238 150 299 856
410 236 637 299 DISTINCTIO
666 236 801 298 SEXTA

452 427 685 490 CAPITULUM
705 429 759 490 VI.

154 567 230 628 Item
250 571 314 628 vita
336 567 448 627 doctrina·
468 568 639 714 Herssorlmi
658 570 776 628 Decaoi
796 566 1044 627 Hildr'asltemeneir

560 675 590 715 cc
602 674 685 715 esraa

153 793 221 852 Fuit
229 789 334 853 nostris
348 795 523 869 temporibus
536 796 566 852 in
576 793 821 853 Hildinshemansi
832 792 962 853 Ecclesia
974 794 1014 852 vir
1022 791 1085 852 bonu

89 881 211 956 Deoque
223 898 314 957 carus,
333 883 448 940 nomine
461 881 652 956 Hermannus,
669 883 754 940 variis
772 882 926 940 virtutibus
943 886 971 939 et
986 881 1085 957 vitorum

89 969 223 1042 oporibus
234 967 397 1027 adomatus.
418 968 529 1044 Vigiliis
540 971 661 1044 sanctis;
674 970 857 1042 orationibus,
867 969 976 1027 ieiuniis
986 965 1084 1041 elopod-

89 1056 144 1115 bus
155 1055 364 1115 misericordiae
378 1055 442 1113 Deo
456 1057 642 1130 omnipotenti
662 1055 770 1114 studuit
783 1055 907 1130 placere.
929 1040 1027 1130 Quibuls
1037 1067 1084 1126 ops·

88 1143 167 1201 ribus
188 1143 306 1201 humani
332 1145 443 1218 generis
465 1144 594 1201 inimicus
615 1144 753 1218 irritatus,
786 1159 854 1200 cum
885 1141 963 1199 illum
989 1139 1084 1199 omnibus

88 1228 182 1288 modis
203 1229 361 1305 impediret,
383 1229 477 1288 dicere
499 1231 525 1287 ei
546 1229 645 1288 solitus
667 1235 742 1288 erat:
773 1227 798 1288 0
821 1228 944 1287 multum
963 1226 1027 1286 mals
1042 1223 1084 1283 dt·

89 1314 164 1391 bole,
186 1321 218 1374 ut
239 1316 308 1391 quid
329 1321 440 1375 tantum
460 1332 508 1374 me
529 1316 639 1375 vexas?
676 1317 819 1391 Tempore
841 1315 965 1391 quodam
985 1330 1038 1373 curn
1052 1326 1084 1370 at·

89 1402 239 1463 busculam
260 1406 290 1461 in
310 1405 436 1478 pomerio
459 1419 511 1461 suo
533 1403 682 1478 plantaret,
704 1410 733 1461 et
753 1402 886 1462 trunculo
899 1398 916 1481 ¹)
942 1401 1010 1459 illius
1036 1397 1084 1456 dra

91 1488 215 1566 virgulas
223 1486 243 1568 ²)
265 1491 415 1569 insereret,
428 1492 578 1565 unaaruit,
600 1490 729 1549 etaltera
742 1487 896 1549 convaluit
927 1487 995 1546 Mox
1007 1488 1085 1562 sigum

3 1582 8 1593 ⁴
89 1583 190 1652 potens
215 1593 234 1634 a
261 1576 387 1635 Domino
416 1579 470 1635 ait:
499 1575 582 1652 Rogo
609 1583 654 1651 te,
683 1579 863 1652 omnipotens
885 1576 980 1648 Deus,
1007 1575 1085 1632 siro
1128 1642 1131 1655 Ι

90 1663 185 1723 luntas
206 1668 256 1722 tua
278 1659 363 1742 θεῖ’),
383 1669 417 1722 ut
437 1663 570 1722 sacerdos
591 1663 667 1737 fiam,
688 1664 733 1723 sac
755 1670 787 1721 ut
809 1662 939 1721 surculus
959 1661 1003 1720 hic
1019 1656 1086 1718 aridus
1129 1730 1131 1735 Ι

90 1752 253 1810 revirescat
300 1749 375 1809 Mira
396 1750 546 1809 clementia
567 1746 661 1829 Dei⁴).
708 1749 810 1809 Statim
833 1752 915 1826 virga
936 1747 1011 1807 an'da
1026 1756 1086 1805 succ
1129 1766 1131 1771 ·

92 1839 185 1912 coepit
213 1839 347 1910 animari,
372 1842 401 1896 et
427 1844 555 1910 tempore
583 1853 635 1896 suo
664 1835 843 1895 fructificare.
896 1835 999 1909 Sicque
1024 1833 1087 1890 mos

92 1923 203 1997 divina,
232 1940 307 1998 quae
327 1921 427 1981 Aaron
459 1925 581 1998 primum
603 1924 781 1981 sacerdotem
803 1939 856 1996 per
883 1924 992 1997 virgam
1010 1915 1087 1978 aridam

92 2016 191 2069 contra
200 2016 331 2069 naturam
341 2010 489 2068 florentem
499 2012 528 2067 in
539 2009 696 2068 sacerdotio
712 2008 890 2068 confirmavit
899 2003 930 2086 ⁶),
942 2008 1014 2064 huuc
1023 2006 1087 2063 tirou

92 2095 250 2155 sacerdotio
283 2096 399 2172 dignum
436 2096 537 2155 eadem
568 2098 672 2156 virtute
699 2094 902 2170 praeostendit.
943 2094 1010 2152 Post
1032 2089 1088 2150 cuius

91 2189 212 2241 mortem
259 2200 324 2242 oum
368 2183 484 2258 quidam
522 2184 581 2241 eius
622 2183 752 2257 clericus,
799 2181 982 2240 Evcrhardus
1021 2176 1087 2236 nomi·

91 2288 144 2344 ne,
177 2271 223 2328 cui
252 2269 402 2328 ecclesiam
431 2272 514 2328 rivus
544 2269 714 2343 contulerat,
747 2272 843 2327 visum
876 2268 1045 2343 perdidisset,
1069 2266 1089 2319 et

93 2356 217 2432 quotidie
228 2356 266 2414 ad
287 2356 360 2414 illius
382 2357 519 2430 tumbam,
547 2357 583 2414 dc
605 2360 754 2414 sanctitate
776 2373 810 2414 ac
832 2358 939 2430 pietate
961 2357 1015 2414 eius
1032 2365 1089 2426 meu

91 2443 209 2518 habens,
231 2449 332 2516 oraret,
353 2444 501 2518 postulans
517 2460 547 2501 se
568 2450 684 2518 propter
701 2445 802 2501 merita
825 2443 930 2500 domini
952 2443 994 2499 sui
1011 2435 1089 2496 illuui-

91 2533 160 2605 nari,
181 2537 297 2590 sanctus
318 2530 500 2589 Hermannus
524 2529 569 2588 die
591 2530 716 2605 quadam
737 2529 886 2588 visibiliter
905 2528 946 2586 illi
966 2537 1090 2603 apparens,

91 2620 146 2677 ait:
169 2617 243 2693 Quid
265 2621 309 2676 vis
331 2623 363 2676 ut
383 2618 485 2676 faciam
507 2616 580 2676 tibi?
602 2618 723 2675 Dicente
746 2633 847 2676 caeco:
869 2616 999 2689 Domine,
1017 2618 1044 2671 ut
1059 2609 1091 2667 vi·

91 2706 190 2781 deam;
219 2722 291 2764 voce
313 2705 480 2780 evangelica
501 2710 616 2762 sanctus
638 2704 678 2761 illi
699 2703 858 2779 rospondit:
887 2704 1016 2778 Respice,
1039 2711 1092 2755 noto

89 2793 159 2869 fides
189 2799 243 2851 tuo
273 2800 300 2851 te
327 2793 444 2850 salvans
472 2785 584 2867 fecit⁶).
627 2790 738 2849 Eadem
764 2790 836 2849 hora
858 2789 976 2848 clericus
985 2785 1003 2868 1)
1020 2787 1092 2844 lunen

90 2882 205 2954 recepit,
227 2886 256 2937 et
277 2881 344 2954 quia
364 2879 506 2936 Dominus
527 2875 735 2956 mirificassetl)
758 2883 890 2935 sanctum
922 2894 1003 2934 suum
1027 2875 1051 2930 iu
1072 2883 1094 2927 sc

90 2968 152 3040 ipso
168 2974 309 3040 expertus,
320 2964 456 3040 quamdiu
471 2967 548 3038 vixit,
562 2968 670 3040 gratias
686 2967 751 3039 egit.
790 2964 897 3021 Postea
919 2981 984 3021 cum
1004 2956 1095 3036 quidam

90 3058 223 3127 aegrotus
245 3053 282 3111 ad
309 3055 475 3110 memoriam
497 3051 656 3127 Martyrum
677 3051 777 3109 suisset
805 3050 978 3124 deportatus,
997 3063 1044 3106 ncc
1060 3059 1096 3101 sa·

90 3144 184 3212 natus,
206 3139 322 3197 consilio
345 3139 493 3197 cuiusdam
514 3141 571 3196 iarn
594 3139 668 3197 dicto
694 3138 856 3196 Confessori
877 3144 977 3194 votum
997 3133 1098 3205 feritet

91 3225 244 3283 convaluit.
286 3225 407 3285 Factum
422 3232 473 3299 est,
495 3232 526 3282 ut
538 3228 566 3282 in
581 3228 773 3285 anniversaria
785 3224 830 3282 die
844 3224 949 3282 domini
967 3214 1099 3281 Hermauni

91 3311 240 3370 ecclesiam
262 3314 387 3387 intraret,
409 3320 437 3371 ct
452 3312 695 3386 compulsantibus
718 3314 873 3387 campanis,
896 3329 962 3369 cum
982 3310 1026 3367 ille
1045 3320 1100 3365 cau·

91 3416 152 3456 sam
182 3401 350 3474 inquireret,
379 3406 407 3479 et
437 3399 553 3475 quidam
577 3402 602 3457 ei
623 3399 839 3474 responderent:
868 3398 964 3457 Hodie
990 3396 1046 3455 dics
1068 3394 1102 3450 est

109 3605 139 3672 1)
157 3603 241 3656 ΑΟΒΡ
259 3611 384 3655 trunco.
404 3633 435 3642 -
457 3604 488 3670 2)
507 3603 570 3654 ADP
588 3605 707 3670 virgas.
727 3632 758 3642 —
778 3601 809 3668 3)
827 3601 848 3652 C
864 3609 897 3652 ut
919 3603 946 3652 si
969 3598 1103 3652 voionus

159 3682 212 3726 tua
228 3673 323 3736 est,B
340 3683 373 3724 ut
392 3674 418 3723 si
436 3683 486 3724 est
504 3673 657 3726 voluntas
675 3671 859 3734 tunsurus
874 3679 908 3721 ut
925 3672 950 3721 si
967 3670 1105 3721 volunta·

159 3753 213 3795 tua
231 3740 284 3796 'sit
302 3774 335 3783 -
359 3744 392 3811 4]
409 3742 494 3794 ACDP
517 3742 649 3795 Christi.
669 3772 698 3780 -
726 3742 756 3808 5)
775 3740 875 3792 llumer.
896 3741 935 3792 17.
954 3771 985 3780 -
1009 3738 1039 3805 6)
1058 3737 1105 3789 luc.

158 3817 198 3884 ts,
216 3816 260 3871 42.
281 3848 311 3858 -
331 3815 363 3887 7)
381 3813 403 3868 li
422 3829 549 3866 caecus.
567 3842 599 3850 -
615 3811 906 3879 dpllmiriiicarit.
