2460 4162
98 242 139 301 ro
225 307 229 313 ,
423 210 651 302 ornamento
670 241 799 302 ennon

38 434 41 442 y
97 362 213 439 aliquod
233 368 346 438 tempus
369 379 435 422 eum
457 364 497 422 eis
521 369 728 438 commoratus,
757 381 823 424 eum
843 367 901 423 iam
922 366 1014 424 securi
1035 374 1131 426 essent

98 449 134 510 de
157 467 199 525 eo,
220 451 324 508 iterum
344 449 430 527 iirgit,
450 450 607 526 indutoque
628 450 729 510 habitu
751 469 832 527 spem
854 453 940 511 totius
960 454 1131 513 reversionis

97 539 157 598 eius
198 536 318 596 exclusit
334 533 361 616 ¹).
403 536 469 596 Non
494 539 548 596 iste
576 537 643 597 fecit
671 540 744 596 sicut
773 539 829 598 duo
857 541 1031 615 superiores,
1062 542 1140 616 quia'

95 641 154 683 uon
175 624 299 683 levitatis
320 625 436 698 vidum,
465 623 518 684 sed
545 626 634 684 virtus
662 628 837 685 constantiae
857 627 888 683 in
916 628 1099 698 conversione
1108 623 1129 706 ²)

95 711 156 770 fuit.
198 710 264 770 Hoc
287 709 449 786 exemplum
471 717 500 769 et
521 710 578 771 alia
599 710 742 786 quaedam
750 710 779 792 ³),
802 730 875 787 quae
893 713 940 773 hie
952 713 1130 772 aedificatio-

95 800 139 858 nis
161 815 249 858 cansa
270 800 426 873 scripturus
446 815 530 872 sum,
551 801 581 857 iu
602 797 741 858 Homeliis
762 798 920 858 Moralibus
950 799 986 859 de
1006 799 1131 862 Infantia

95 884 253 946 salvatoris
274 887 404 960 posuisse
425 901 471 943 me
489 887 613 944 memini.
655 883 857 946 NOVICIUS:
880 887 955 946 Puto
966 904 1054 963 grave
1066 905 1130 948 esse

66 982 69 991 “
94 978 254 1049 peecatum,
275 974 419 1031 novicium
430 971 521 1031 redire
532 971 570 1030 ad
581 972 736 1032 saeculum.
757 972 991 1034 MONACHUS:
1015 973 1130 1051 Quanta

95 1060 132 1118 sit
154 1059 247 1135 culpa,
268 1058 350 1119 facile
371 1059 556 1135 perpenditur
578 1076 613 1118 ex
634 1076 736 1136 poena.
823 1061 825 1068 ⁴

428 1248 660 1310 carnutum
680 1245 803 1343 ruva)

198 1390 246 1447 ne
266 1386 425 1447 maeque
446 1395 541 1448 more
561 1388 667 1448 Lente
686 1392 794 1448 omar
815 1362 1021 1464 mesaneos.

160 1544 331 1619 Priusquam
352 1546 479 1605 venirem
501 1542 539 1604 ad
560 1543 703 1620 ordinem,
731 1546 760 1603 in
782 1544 903 1605 eeclesia
923 1549 1040 1604 sanctae
1061 1542 1129 1604 Ma-

94 1634 160 1692 riae.
174 1631 212 1691 ad
234 1630 350 1690 Gradus
369 1634 399 1690 in
423 1631 541 1691 Colonia
563 1634 717 1692 canonicus
746 1631 864 1707 quidam
883 1631 950 1706 fuit,
978 1634 1027 1706 qui
1047 1631 1129 1692 vale-

95 1719 193 1779 dicens
214 1718 344 1794 saeculo,
372 1709 516 1796 religionis
543 1719 674 1778 habitum
701 1721 731 1777 in
762 1717 975 1778 Hemmenrode
996 1720 1130 1796 suscepit

94 1807 207 1867 Nomen
227 1808 324 1865 iuveni
344 1805 478 1882 Leonins,
501 1813 530 1865 et
542 1811 602 1865 erat
614 1806 684 1865 mihi
696 1807 771 1866 bene
792 1813 886 1865 notus
928 1804 1066 1864 Habebat
1082 1805 1129 1867 hie

94 1895 194 1954 babes
220 1892 322 1953 milites
349 1895 380 1951 in
408 1890 552 1973 saeculol)
574 1895 643 1952 setis
664 1899 804 1969 potentes.
848 1892 904 1969 Qui
933 1895 1047 1975 cognita
1068 1894 1130 1953 eius

96 1981 280 2041 conversione
303 1980 408 2039 turbati
430 1986 510 2054 sunt,
533 1979 565 2038 et'
582 1981 728 2039 venientes
738 1977 757 2060 ⁶)
781 1979 819 2038 ad
841 1979 1011 2055 Claustrum,
1032 1979 1129 2040 multis

94 2068 190 2128 verbis
211 2073 362 2129 suaserunt
382 2072 415 2124 ut
435 2065 538 2125 rediret
559 2066 597 2124 ad
617 2066 779 2141 saeculum,
809 2066 913 2126 ordinis
935 2068 1130 2127 austeritatem

96 2156 122 2214 ei
143 2159 342 2231 proponentes.
385 2153 424 2211 Et
446 2155 513 2228 quia
534 2153 676 2229 obligatus
699 2157 759 2212 erat
781 2151 897 2228 debitis,
927 2154 1042 2212 aiebant
1072 2153 1130 2214 hoc

95 2259 158 2302 esse
166 2237 187 2321 ⁶)
209 2239 377 2299 rationabile
398 2246 431 2297 ut
452 2239 564 2315 rediret,
586 2238 683 2298 debita
703 2240 878 2315 persolveret
890 2237 926 2319 ²),
948 2241 1046 2315 sicque
1068 2241 1129 2300 sine

96 2326 213 2405 querela
233 2333 377 2386 revertens
385 2322 407 2406 ⁰)
429 2326 554 2385 Domino
576 2329 703 2385 serviret.
745 2326 783 2384 Et
814 2329 1004 2402 promiserunt
1032 2323 1129 2408 quia⁹)

95 2432 162 2477 eum
182 2413 358 2473 reducerent.
402 2412 531 2490 Quorum
551 2414 646 2472 verbis
667 2415 754 2472 miser
774 2413 924 2488 seductus,
954 2416 1029 2473 exire
1058 2430 1130 2474 con-

95 2504 191 2575 sensit,
212 2502 317 2560 inimici
337 2500 455 2575 laqueos
469 2518 528 2559 non
541 2501 705 2559 observans.
738 2500 823 2576 Quod
840 2499 940 2560 videus
951 2500 1082 2560 dominus
1099 2495 1129 2581 ¹⁰)

95 2588 277 2648 Hermarmus
299 2587 401 2646 Abbas
421 2589 567 2664 ingemuit,
589 2593 618 2646 et
640 2604 706 2646 cum
726 2587 816 2646 multo
840 2587 931 2646 cordis
954 2586 1050 2647 dolore
1071 2589 1129 2646 mi·

95 2675 192 2736 litibus
214 2675 297 2733 dixit:
329 2674 425 2734 Hodie
452 2674 567 2733 fratrem
595 2680 722 2733 vestrum
754 2676 897 2734 eiicientes
923 2674 960 2733 de
980 2674 1129 2751 paradiso,

95 2762 236 2840 deponitis
256 2764 287 2820 in
306 2762 424 2821 inferno.
466 2761 610 2821 Reversus
633 2760 670 2819 ad
691 2761 986 2837 praebendemsuam,
1008 2761 1130 2822 deterior

94 2850 187 2911 factrus
210 2855 252 2908 est
273 2867 360 2924 quam
381 2851 473 2923 prius,
505 2851 597 2925 magis
625 2864 742 2923 operam
775 2847 845 2908 dans
868 2848 1013 2924 explendis
1034 2850 1129 2924 vitiis,

95 2954 183 3013 qnam
204 2935 348 2995 solvendis
370 2935 481 2994 debitis.
523 2935 594 2993 Post
615 2951 705 2993 annos
726 2934 835 3010 aliquot
852 2931 879 3014 ¹¹)
902 2938 1025 3012 graviter
1048 2934 1142 2994 infir·

95 3029 203 3098 matus,
231 3025 305 3082 iusto
327 3022 384 3082 Dei
410 3022 513 3080 iudicio
544 3039 579 3080 ex
599 3023 744 3080 nimietate
764 3022 934 3080 infirmitatis
955 3023 984 3080 in
1004 3022 1130 3082 furorem

95 3128 195 3171 versus
217 3116 268 3169 est.
312 3108 406 3185 Quem
427 3125 492 3168 cum
514 3111 558 3166 sui
586 3114 734 3168 monerent
763 3107 798 3167 de
831 3109 1007 3168 confessione
1036 3114 1065 3169 et
1093 3109 1129 3169 de

97 3215 178 3257 sacra
201 3198 407 3270 communione,
428 3196 518 3255 verba
539 3195 637 3254 salutis
649 3195 838 3254 nonattendit
855 3191 901 3274 '²);
922 3195 974 3255 sed
989 3195 1128 3270 quasdam

95 3284 284 3359 mulierculas,
306 3300 372 3342 cnm
394 3283 497 3358 quibus
518 3288 806 3358 sanuspeceaverat,
826 3285 948 3359 propriis
967 3284 1130 3343 nominibus
1180 3302 1183 3307 ·

114 3469 268 3540 lJGeins
295 3467 455 3530 excludit,
473 3467 492 3518 P
510 3468 555 3518 eis
582 3466 738 3532 exclusit,
759 3467 781 3520 l)
799 3466 943 3519 exclusit
969 3469 1025 3519 eis.
1045 3497 1076 3506 -
1095 3467 1129 3536 2)

164 3538 306 3592 Gcausa.
326 3567 357 3577 -
385 3539 417 3605 3)
439 3536 596 3605 quaedam
622 3552 663 3588 om
680 3536 708 3589 l).
728 3566 759 3576 -
786 3538 819 3605 a)
837 3537 925 3590 llomil.
944 3537 963 3588 l.
990 3554 1015 3605 p.
1033 3537 1076 3590 89.
1096 3566 1127 3576 -

164 3610 197 3677 4)
214 3607 235 3660 c
252 3607 304 3659 hic
321 3605 460 3658 habebat
478 3605 601 3658 fratres
627 3607 657 3657 in
684 3607 812 3658 saeculo
835 3606 968 3658 milites.
987 3637 1018 3647 -
1038 3607 1070 3675 5)
1087 3606 1129 3659 DP

164 3679 409 3745 venientesque.
429 3706 459 3716 -
479 3676 511 3743 6)
529 3691 601 3728 esse
627 3691 669 3727 orn
685 3676 713 3727 P.
733 3706 764 3716 -
784 3677 815 3744 7)
833 3676 894 3728 Bur
921 3676 1075 3729 solveret.
1096 3705 1128 3715 -

164 3748 197 3815 8)
215 3747 233 3799 P
251 3755 425 3799 revertens
452 3748 523 3798 sine
550 3745 693 3814 querele.
713 3775 744 3784 —
764 3745 890 3813 9)cut.
910 3775 941 3785 -
967 3746 1014 3816 to)
1032 3745 1129 3799 domi·

165 3834 221 3870 nus
239 3833 280 3870 om
297 3817 324 3870 P.
344 3847 374 3857 -
396 3816 444 3884 ll)
462 3815 482 3870 G
498 3815 636 3884 aliquos.
656 3845 686 3856 -
707 3816 755 3885 12)
773 3816 792 3868 P
810 3815 959 3868 intendit.
