2460 4162
152 236 192 295 76
446 229 674 293 DISTINOTIO
697 230 883 294 SECUNDA

151 355 234 416 Prior
255 362 284 415 et
305 355 462 430 obstupuit,
483 352 609 429 dixitque
624 356 738 415 iuveni:
757 352 822 415 Non
836 352 945 415 sufficio
958 354 1011 414 tibi
1023 352 1106 416 solus
1117 352 1188 419 date

152 442 309 501 consilium.
351 441 404 501 Vis
425 447 459 499 ut
480 441 629 500 ostendam
649 439 780 501 Abbati?
807 441 847 499 Et
866 440 1023 501 licentiavit
1043 442 1079 501 el.
1122 441 1187 505 Vo-

151 530 195 588 nit
219 529 301 587 Prior
328 527 367 586 ad
387 526 549 603 Abbatem,
582 534 610 586 et
625 524 642 607 ¹)
673 529 799 604 porrexit
826 527 994 588 schedulam
1018 526 1188 607 legmdm,

152 632 214 674 rem
242 617 268 674 oi
295 631 347 690 per
375 614 503 674 ordinem
531 632 685 690 exponens.
750 613 826 690 Quid
858 613 959 674 deinde
990 621 1107 692 gestum
1133 617 1187 693 sit,

153 700 271 763 audiant
290 707 455 777 peccatores
477 706 505 760 et
518 701 707 776 consolentur,
729 700 871 776 desperati
881 707 909 761 et
918 707 1089 761 recreentur.
1114 701 1188 761 Mox

155 790 231 849 enim
250 795 283 846 ut
303 786 405 847 Abbas
427 787 585 847 chartulam
606 786 644 847 ad
663 787 818 864 legendum
849 789 973 864 apernit,
1003 794 1097 848 totam
1124 790 1188 849 eins

155 876 358 936 continentiam
380 873 502 934 deletam
522 877 639 934 invenit
680 875 891 951 impletumque
912 875 1005 934 estin
1026 891 1077 950 co,
1108 873 1188 952 qnod

154 962 297 1022 Dominus
328 978 379 1037 per
405 961 511 1020 Isaiam
543 961 624 1021 dicit:
667 962 772 1021 Deleui
797 968 833 1021 ut
859 961 968 1021 achan
998 962 1188 1037 atquem

154 1056 255 1121 tuam,
284 1055 312 1107 et
339 1054 375 1107 ct
394 1047 534 1109 nebulam
549 1055 674 1124 peccato
697 1055 750 1106 tua
761 1044 794 1126 ²).
836 1047 875 1106 Et
895 1049 935 1108 ait
955 1046 1059 1108 Abbas
1077 1047 1187 1109 Prioriz

152 1134 229 1212 Quid
248 1134 342 1212 legam
363 1137 392 1193 in
413 1132 551 1194 schedula
560 1133 634 1194 ista?
660 1134 737 1193 Nihil
757 1137 786 1192 in
808 1151 843 1194 ea
864 1136 1002 1211 scriptum
1017 1140 1069 1194 est.
1101 1134 1187 1196 Haec

153 1228 186 1281 ut
198 1222 280 1281 Prior
300 1221 418 1295 audivit,
439 1220 605 1280 schedulam
626 1221 709 1280 simul
731 1239 796 1281 cum
807 1220 924 1281 Abbate
944 1223 1077 1297 respexit,
1100 1220 1188 1281 dixit·

154 1326 210 1384 que
232 1309 270 1367 ad
289 1309 384 1366 illum:
407 1307 486 1367 Sciat
506 1325 558 1383 pro
581 1315 657 1367 certo
680 1310 834 1383 paternitas
854 1314 967 1383 vestra,
990 1307 1188 1384 supradictum

153 1397 287 1455 iuvenem
307 1397 336 1452 in
357 1393 412 1453 hac
434 1393 573 1454 schedula
593 1397 739 1470 scripsisse
759 1400 880 1470 peccata
900 1412 961 1469 sua,
983 1399 1012 1453 et
1032 1410 1100 1454 cum
1112 1412 1188 1456 ame

152 1476 303 1560 subsunt)
325 1481 408 1556 lecta,
429 1482 512 1540 vobis
534 1484 619 1540 etiam
641 1481 745 1540 donavi
766 1480 896 1558 legenda.
939 1479 1016 1555 Sed,
1037 1486 1070 1539 ut
1090 1480 1188 1559 video,

153 1571 313 1628 misericors
333 1567 430 1639 Deus,
452 1569 501 1643 qui
522 1570 676 1627 maximam
696 1570 807 1627 iuvenis
829 1570 1025 1627 contritionem
1047 1568 1189 1646 attendit,

154 1655 269 1731 culpam
289 1657 347 1714 iam
368 1653 539 1714 sufficienter
560 1658 691 1730 punitam
714 1658 788 1714 iuste
810 1654 924 1714 delevit.
966 1652 1080 1714 Deletio
1095 1656 1189 1733 siqud-

153 1740 219 1802 dem
251 1743 337 1801 totius
364 1743 474 1817 scripti,
507 1742 692 1802 abolitionem
724 1736 851 1821 signat)
879 1743 966 1800 totius
995 1739 1100 1801 delicti.
1149 1741 1190 1803 nt

152 1836 290 1888 vocantes
311 1827 470 1887 scholarem
492 1828 676 1888 ostenderunt
688 1827 863 1902 schedulam,
885 1828 1019 1902 dicentes,
1040 1830 1103 1888 eius
1115 1844 1188 1906 pcc-

153 1921 219 1976 cata
249 1913 382 1974 divinitus
411 1932 474 1974 esse
503 1915 604 1975 deleta.
658 1915 752 1991 Quam
777 1914 845 1975 bum
874 1916 1064 1991 perspexisset
1091 1922 1124 1975 et
1151 1932 1189 1977 ex

153 2003 241 2078 signis
262 2001 336 2060 bene
360 2004 554 2077 cognovisset,
585 2004 615 2059 in
642 2007 755 2060 tanum
783 2018 832 2061 cor
853 2000 913 2061 eius
935 2018 971 2061 ex
991 2000 1189 2078 magnitudine

153 2088 251 2165 gaudii
287 2095 331 2146 est
362 2087 532 2163 dilamum,
567 2090 598 2146 in
635 2094 773 2163 quantum
805 2089 884 2163 prius
921 2105 957 2148 ex
991 2088 1188 2164 magnitudine

152 2176 283 2234 tristitiae
303 2175 395 2233 luerat
416 2170 650 2254 angustiatum).
691 2175 731 2233 Et
750 2174 857 2233 nullam
880 2177 906 2235 ei
926 2176 1107 2251 iniungentes
1137 2192 1189 2237 aa·

154 2261 352 2335 tisiactionem
373 2268 552 2343 monuerunt,
572 2268 712 2337 quatenus
734 2260 799 2321 Deo
822 2261 857 2320 do
878 2263 1019 2338 perceptis
1040 2260 1189 2323 beneficiis

154 2351 260 2425 gratim
282 2354 387 2425 ageret,
409 2346 553 2423 atque'de
575 2354 669 2408 cetero
692 2351 803 2408 cautius
824 2351 941 2408 vireret.
982 2347 1059 2408 Ecce
1075 2350 1189 2409 iuvenis

153 2437 217 2508 iste,
239 2442 272 2493 ut
292 2437 361 2494 satis
382 2434 502 2508 videon,
524 2441 590 2494 ante
610 2437 721 2494 ruinam
742 2435 922 2511 imperfectus
942 2435 1004 2510 luit,
1026 2434 1138 2511 oceidit,
1158 2439 1190 2496 ct

61 2510 69 2525 ⁹
154 2521 297 2597 perfectus
319 2523 446 2580 surrexit
489 2521 689 2582 NOVICIUS:
711 2521 747 2580 In
768 2538 825 2597 quo
846 2521 899 2580 luit
913 2519 1076 2598 perfectus?
1108 2518 1188 2583 ΜΟ-

154 2607 330 2668 NACHUS:
365 2608 400 2666 In
429 2609 553 2678 caritate.
595 2606 798 2668 NOVTCIUS:
836 2607 917 2685 Quae
929 2606 950 2688 ⁶)
980 2614 1024 2667 est
1050 2606 1188 2684 perfectio

156 2693 303 2756 caritatis?
346 2693 579 2755 MONACHUS:
609 2695 729 2771 Quando
752 2712 832 2754 mens
853 2713 910 2754 non
932 2701 976 2754 est
996 2695 1051 2754 sibi
1071 2697 1190 2758 conscia

156 2781 275 2842 alicuius
296 2784 408 2857 peccati
438 2782 564 2842 mortalis
597 2785 658 2842 sive
685 2781 819 2857 venialis,
845 2781 935 2842 libera
961 2799 1019 2842 non
1046 2780 1143 2841 solum
1169 2799 1190 2843 a

156 2869 255 2945 culpa,
287 2869 339 2927 sed
361 2871 446 2928 eliam
467 2887 486 2928 a
507 2886 608 2945 poena.
650 2869 689 2927 Et
709 2875 794 2944 puto,
822 2871 845 2927 si
867 2869 1046 2944 saepedictus
1069 2868 1189 2931 clericus

156 2953 324 3015 decessisset
344 2957 373 3013 in
395 2955 446 3014 tali
466 2961 559 3031 statu,
591 2957 706 3014 minime
735 2957 869 3014 sensisset
896 2973 1018 3031 poenam
1047 2962 1189 3033 purgato-

155 3042 228 3100 riam
240 3038 270 3120 1),
292 3044 360 3117 quia
380 3042 506 3117 perlecta
528 3045 630 3102 caritas
652 3044 793 3101 consumit
812 3043 962 3118 plumbum
984 3049 1013 3101 et
1033 3042 1189 3119 stipulam,

157 3129 271 3203 culpam
293 3135 322 3187 et
342 3145 473 3204 poenam.
515 3129 599 3188 Haec
621 3136 665 3188 ost
686 3132 780 3204 opinio
802 3129 964 3189 multorum.
1006 3128 1065 3188 Alii
1090 3128 1191 3189 dicunt

155 3216 242 3274 ctiam
275 3217 350 3274 siros
371 3215 589 3290 perfectissimos
610 3233 709 3275 secum
729 3215 841 3276 trahere
862 3216 958 3275 lenum
989 3221 1019 3275 et
1044 3216 1190 3291 stipulam.

155 3298 360 3361 NOVIGIUS:
392 3302 481 3361 Miror
509 3320 596 3377 quare
627 3319 686 3361 non
712 3302 816 3362 luerint
845 3310 966 3377 peccata
998 3303 1059 3361 eius
1080 3301 1189 3378 deleta,

156 3395 311 3463 antequam
331 3388 421 3447 Priori
444 3400 538 3449 essent
559 3396 683 3449 ostensa.
724 3388 957 3450 MONACHUS:
978 3388 1022 3448 Ne
1043 3390 1190 3465 superflua

156 3474 299 3535 videretur
321 3476 476 3551 confessio,
507 3478 568 3536 sine
598 3479 678 3535 cuius
707 3476 845 3536 desiderio
877 3475 956 3536 nulla
986 3474 1019 3534 fit
1049 3478 1189 3537 remissio.

173 3661 204 3730 1)
222 3669 253 3711 et
271 3676 312 3712 om
326 3659 375 3713 BG.
395 3691 425 3701 -
445 3660 476 3729 2)
494 3661 550 3713 leci.
568 3663 611 3725 44,
628 3662 671 3714 22.
689 3692 718 3701 —
739 3662 771 3731 3)
788 3661 810 3715 D
828 3662 961 3726 luisset,
978 3670 1005 3714 et
1021 3660 1097 3729 paulo
1115 3671 1189 3729 posit
1222 3666 1226 3679 '

223 3729 398 3799 legendam.
418 3760 449 3770 -
468 3731 499 3798 4)
518 3730 562 3783 ΑΙ)
580 3731 760 3800 siguificat.
786 3762 816 3772 -
836 3733 867 3803 5)
885 3732 905 3785 B
923 3739 1143 3801 angustatum.
1157 3762 1187 3775 -

225 3800 257 3867 6)
275 3800 316 3853 BC
333 3800 415 3868 qnid.
435 3831 465 3840 -
485 3802 517 3865 7)
535 3800 576 3852 Bc
593 3803 785 3871 purgatorii.
