2460 4162
152 247 191 305 78
448 243 675 306 DISTINCTIO
697 243 880 306 SECUNDA

151 367 202 426 tali
222 364 418 441 verecundiae,
439 366 490 425 tali
510 368 709 442 poenitentiae,
730 365 834 424 nrrlhns
854 364 1186 441 peccatipoenampos-

152 471 184 513 se
205 456 343 527 resistere,
364 470 461 528 coram
481 455 613 512 omnibus
635 453 704 511 dixit
724 452 762 511 ad
782 452 943 511 mulierem:
963 450 1124 509 Dimissum
1140 454 1186 509 est

151 547 303 616 peccatum
324 546 420 615 tnum3
448 540 523 599 vade
543 543 573 598 in
593 556 674 615 pace.
716 539 755 598 Et
782 539 822 597 nil
849 538 970 614 amplius
998 539 1121 595 iniunxit
1147 538 1185 596 oi.

152 626 273 685 Audiuit
293 626 366 685 haec
389 626 504 702 qnidam
526 644 561 686 ex
584 625 788 700 Cardinahbus,
811 632 840 684 et
861 643 926 684 cnm
939 623 1097 682 Pharisaeo
1110 640 1185 683 con-

152 719 197 773 tra
218 713 329 788 Papam
349 730 543 788 murmurans,
563 712 698 772 indicium
719 714 780 770 eins
799 710 993 788 reprehendit,
1025 709 1125 769 dicens
1144 708 1185 768 ad

153 806 263 860 tantam
286 798 398 875 culpam
420 807 479 858 tam
500 801 617 858 brevem
637 801 840 874 poenitentiam
850 801 942 856 minus
953 795 1141 856 sufficientem
1155 791 1185 877 'l

155 886 208 946 Cui
228 887 275 946 ille
297 886 456 962 respondit:
484 886 514 946 Si
544 903 597 962 ego
626 888 728 943 iniuste
758 887 804 960 egi
825 902 890 944 cum
911 883 1028 942 muliere
1056 885 1125 957 ista,
1153 888 1186 942 ct

152 973 323 1033 insufficiens
346 979 389 1031 est
411 976 472 1032 eius
493 990 589 1032 coram
599 972 663 1031 Deo
685 974 865 1047 poenitentia,
885 976 1057 1046 potestatem
1074 968 1186 1029 habeat

154 1061 285 1119 diabolus
304 1060 480 1136 ingrediendi
513 1077 614 1136 corpus
646 1075 754 1132 meum,
788 1064 816 1117 et
844 1075 940 1117 coram
972 1056 1105 1116 omnibus
1136 1070 1185 1115 me

154 1154 254 1223 vexet,
283 1149 396 1206 sivero
418 1143 482 1226 tu²)
504 1148 606 1205 iniuste
627 1162 673 1203 me
695 1144 891 1220 reprehendis,
923 1143 1014 1203 simile
1042 1142 1096 1200 tibi
1122 1140 1184 1203 ilat.

153 1234 256 1294 Statim
277 1233 407 1292 diabolus
430 1232 608 1291 Cardinnlem
630 1231 752 1290 eundem
772 1249 877 1290 vexare
900 1232 1008 1306 eoepit,
1028 1245 1081 1304 per
1102 1230 1185 1288 emus

152 1323 334 1380 vexationem
354 1319 510 1395 perfectam
530 1317 654 1377 mulieris
667 1319 869 1394 poenitentiam
878 1317 961 1376 Deus
972 1315 1069 1391 palam
1083 1320 1185 1375 osten·

153 1407 202 1465 dit.
245 1406 375 1465 Tandem
397 1408 522 1464 omnium
543 1408 669 1464 oratione
690 1411 828 1480 purgatus
851 1402 1015 1477 Cardinalis,
1035 1400 1136 1461 didicit
1152 1402 1185 1460 in

152 1511 206 1553 sua
227 1496 393 1568 vexatione,
415 1492 526 1552 divinae
547 1491 757 1550 misericordiae
779 1491 814 1550 de
836 1499 930 1550 cetero
951 1506 1009 1548 non
1030 1487 1185 1549 oblatrare.

153 1582 229 1640 Ecce
250 1580 352 1638 mulier
372 1583 441 1655 ista,
470 1582 543 1639 siout
571 1577 750 1653 supradictus
772 1577 905 1653 clericus,
932 1575 1044 1635 infirma
1065 1572 1185 1649 cecidit,

154 1674 184 1727 et
210 1668 359 1727 sanissima
385 1663 514 1726 surrexit.
565 1663 768 1724 NOVICIUS:
799 1664 908 1740 Magna
935 1663 991 1722 Dei
1019 1661 1186 1737 clementia,

154 1754 231 1831 quod
251 1761 311 1812 tam
332 1771 469 1830 magnum
489 1758 647 1829 peccatum,
670 1753 715 1810 cui
735 1753 910 1826 poenitentia
931 1750 1050 1808 debetur
1059 1747 1185 1824 quinde-

154 1844 211 1901 cim
232 1858 379 1915 annorum,
400 1848 460 1899 tam
480 1841 576 1899 brevis
598 1838 673 1897 delet
695 1840 833 1896 contritio.
864 1834 1097 1901 MONACHUS:
1120 1834 1185 1895 De·

152 1928 193 1986 let
214 1934 334 2003 peccata
353 1927 443 1986 multo
465 1929 581 1984 maiora.
612 1922 812 1982 NOVIOIUS:
836 1923 917 1999 Quae
930 1919 1076 1981 sentilla?
1104 1918 1186 1982 Mo-

153 2011 326 2072 NACHUS:
360 2012 496 2072 idolatria
507 2008 544 2090 ³),
572 2011 712 2084 haeresis,
739 2011 892 2085 abnegatio
924 2008 1073 2067 Creatoris.
1123 2008 1187 2068 Ista

153 2105 220 2158 sunt
242 2116 277 2157 ex
298 2101 408 2157 insania
429 2098 578 2171 diaboHca,
598 2101 719 2172 peccata
739 2113 809 2155 vcro
832 2095 955 2155 carnalia
977 2112 1013 2154 ex
1021 2094 1188 2155 infirmitate

43 2235 46 2242 .
153 2185 287 2243 humana.
331 2184 414 2244 Unde
436 2184 474 2242 ad
495 2184 680 2260 mitigandam
700 2185 772 2240 iram
794 2183 919 2241 divinam
939 2184 970 2240 in
998 2180 1188 2242 commenda-

153 2274 229 2330 tione
252 2271 450 2330 delunctornm
473 2270 586 2329 dicitur:
628 2270 710 2328 Licet
731 2271 783 2328 tibi
803 2271 979 2345 peccaverit,
1007 2285 1065 2327 non
1086 2273 1188 2328 umen

154 2365 182 2416 te
193 2355 215 2437 ¹²)
237 2361 362 2433 negavit.
404 2355 606 2416 NOVICIUS:
628 2356 721 2432 Rogo,
742 2359 766 2414 si
786 2359 861 2414 nosti
882 2356 1007 2432 aliquem
1030 2356 1078 2430 qni
1087 2353 1189 2415 Deum

152 2445 322 2590 llrlallnllellgl)
346 2443 455 2519 cecidit,
477 2449 506 2503 et
526 2460 577 2519 per
598 2445 794 2502 contritionem
815 2444 942 2515 surrexit,
963 2441 1085 2518 exempli
1096 2458 1189 2502 causa

506 2718 737 2779 CAPITULUM
760 2719 832 2778 XII.

152 2846 200 2903 De
221 2846 393 2902 contritione
414 2841 519 2901 nobilis
539 2845 661 2913 iuvetis,
685 2844 736 2916 qui
759 2839 907 2899 Christum
927 2842 1055 2915 nepooit,
1083 2846 1112 2898 et
1127 2858 1188 2916 per

222 2933 453 2988 intercessionem
475 2928 578 2988 beatae
605 2929 733 3002 Vieqtnis
754 2930 870 3002 proiice
890 2930 1043 2985 restitutas
1065 2931 1114 2984 est

217 3064 451 3125 MONACHUS:
473 3065 549 3126 Inira
577 3066 632 3125 hoc
663 3067 885 3141 quinquennium
905 3066 986 3122 iuxta
1004 3062 1187 3138 Floreffiam,

154 3154 323 3213 coenobium
356 3152 460 3210 ordinis
487 3153 777 3211 Praemonstratensis
805 3155 834 3209 in
862 3150 996 3209 Dioecesi
1016 3148 1186 3225 Leodiensi,

153 3239 319 3299 adolescens
341 3239 457 3313 quidam
478 3239 580 3298 nobilis
593 3239 741 3312 habitavit,
763 3240 809 3297 eui
829 3245 911 3313 pater
931 3238 1062 3310 moriens,
1084 3242 1187 3312 utpote

152 3329 196 3386 vir
216 3343 336 3402 magnus
359 3331 387 3384 ct
408 3332 523 3401 potens,
550 3325 654 3383 multas
677 3324 789 3383 divitias
810 3325 931 3399 reliquit.
973 3324 1080 3382 Factus
1102 3322 1185 3383 miles

152 3413 228 3471 idem
249 3414 367 3487 iuvenis,
389 3418 421 3470 ut
434 3411 553 3487 gloriam
570 3412 624 3470 sibi
646 3414 824 3486 conquireret
844 3409 1038 3486 temporalem,
1059 3412 1089 3468 in
1102 3409 1186 3470 brevi

152 3499 190 3559 ad
218 3515 352 3574 magnam
381 3498 518 3557 deductus
548 3504 590 3557 est
616 3503 823 3573 paupertatem.
867 3497 961 3556 Causa
988 3499 1063 3556 enim
1090 3495 1186 3557 laudis

151 3587 293 3645 humanae
322 3587 522 3648 tomeameutis
550 3591 627 3643 totus
657 3583 768 3642 deditus
791 3590 865 3658 erat,
892 3584 1074 3642 histrionibus
1101 3583 1186 3661 larga

171 3733 428 3804 1)Bsurrrcere.
448 3764 479 3774 -
499 3733 958 3802 2J130ivero,csiruvero.
978 3733 1185 3803 -3J1tido-

219 3803 364 3856 loistris.
384 3834 414 3844 -
433 3803 623 3872 apotomen
645 3812 678 3855 te
699 3818 767 3856 non.
