2460 4162
129 242 191 300 rur
440 235 851 316 nurmouocuuam

127 362 238 422 Mariae
258 358 449 437 Magdaleuae
477 362 560 420 eiecit
575 357 601 440 ¹).
643 360 689 419 Ex
715 367 838 436 quatuor
862 361 932 421 rotis
957 358 1045 422 huius
1067 368 1172 438 septe-

128 450 199 507 nen'i
218 447 307 507 Johel
327 446 472 522 Propheta
494 447 663 524 quadrigam
684 449 822 507 construit
842 446 987 507 Pharaoni
998 443 1029 527 ²),
1053 446 1171 509 diceus:

127 535 291 595 Bariduum
312 551 417 592 oucoe
438 535 562 593 comedit
583 535 712 607 locuste,
742 534 894 593 residuum
914 535 1170 594 louetoccome·

128 622 172 681 dit
193 621 328 693 bcccbccc,
348 620 499 678 romaum
513 620 616 678 bruchi
636 620 759 680 comedit
786 617 937 696 mobtpo³).
968 620 1026 680 Per
1047 637 1170 681 erucam

97 782 101 790 ι
127 708 231 767 beatus
246 705 400 783 Gregorius
411 712 493 765 notat
504 705 659 782 libidinem,
680 724 732 782 per
751 706 892 766 locustam
904 704 1019 766 inau'em
1033 706 1168 784 gloriam,

127 812 179 870 per
199 793 340 853 bruchum
359 792 515 870 ingluviem
535 796 650 868 ventris,
670 810 723 869 per
750 793 910 870 rubiginem
930 788 1046 873 iram⁴).
1078 793 1169 854 Multi

126 881 245 941 domant
253 879 407 954 libidinem,
428 880 479 939 scd
492 879 558 938 inde
572 882 717 956 eriguntur
729 881 758 937 in
770 881 948 956 superbiam3
971 879 1007 939 de
1027 881 1168 956 superbia

128 973 214 1027 ruunt
225 969 255 1025 iu
264 966 435 1044 ingluvicm3
451 966 486 1026 de
498 969 586 1026 nimia
596 968 769 1026 comestione
780 973 810 1025 et
820 967 957 1026 ebrietate
969 967 1000 1025 in
1010 968 1086 1026 iram
1095 982 1167 1028 ver*

126 1060 233 1112 tumtur.
260 1053 331 1112 Tres
345 1055 410 1128 equi
423 1071 535 1113 currum
548 1053 629 1112 hunc‘
639 1053 792 1128 trahentes,
809 1055 862 1112 trie
875 1054 945 1112 vitia
958 1058 1026 1111 sunt
1037 1052 1166 1129 residua,

127 1141 234 1200 invidia
255 1139 370 1214 scilicet,
391 1143 512 1214 tristitia,
534 1141 663 1199 avaritia.
694 1139 771 1199 Ecce
791 1141 846 1198 tria
867 1145 896 1199 et
909 1144 1031 1215 quatuor
1044 1139 1167 1216 scelera,

129 1229 232 1303 quibus
254 1225 384 1286 diabolus
405 1226 533 1301 vehitur,
554 1227 712 1285 secundum
731 1225 822 1293 Amos
843 1226 1025 1301 Prophetam,
1045 1227 1077 1285 iu
1097 1226 1166 1288 Da-

13 1314 15 1318 '
127 1330 272 1387 meseum,
293 1315 323 1371 in
345 1312 469 1387 Gazam,
490 1315 520 1370 in
541 1313 665 1388 Tyrum,
685 1315 716 1371 in
736 1313 837 1387 bidom,
858 1315 888 1371 in
908 1311 1021 1384 Amou,
1041 1313 1073 1371 in
1093 1313 1166 1375 Mo·

127 1401 180 1475 ab,
203 1402 290 1460 etiam
310 1402 340 1457 in
360 1398 484 1473 Judem,
513 1401 591 1458 etin
611 1398 701 1458 Israel
713 1396 743 1479 ⁵).
764 1397 967 1459 NOVIOIUS:
989 1397 1065 1458 Cum
1085 1400 1166 1461 vitiis

127 1488 188 1546 istis
210 1491 367 1560 tentemur,
388 1487 504 1545 suntin
525 1487 623 1560 nobis,
651 1486 699 1545 vel
721 1491 801 1545 extra
821 1484 894 1546 nos?
923 1483 1164 1547 MONAOHUS:

127 1573 199 1633 Post
218 1575 378 1649 ingressum
401 1575 538 1632 uirtutum
565 1589 623 1631 non
651 1578 719 1632 sunt
746 1574 776 1630 in
803 1574 886 1633 nobis
908 1589 960 1648 per
979 1572 1113 1633 habitum
1134 1580 1166 1633 et

128 1677 227 1735 usum,
255 1660 307 1719 sed
337 1659 495 1719 secundum
522 1659 657 1718 fomitem.
707 1658 790 1718 Sicut
815 1661 845 1717 in
876 1661 1006 1736 ingressu
1036 1657 1166 1721 filiorum

127 1746 218 1806 Israel
239 1753 349 1822 septem
365 1747 430 1805 illae
444 1751 544 1823 gentes
561 1763 619 1804 non
633 1751 700 1804 sunt
713 1748 828 1805 omnino
842 1744 962 1821 deletae,
982 1744 1035 1804 sed
1046 1747 1188 1807 tributis·

127 1835 280 1907 subactae,
302 1835 343 1892 sic
363 1836 496 1909 ingressis
509 1835 662 1892 virtutibus
682 1834 712 1891 in
733 1838 837 1892 terram
854 1832 947 1892 cordis
967 1832 1066 1908 nostri,
1088 1834 1164 1895 vida

126 1937 185 1979 non
205 1937 321 1996 prorsus
342 1923 567 1996 exstinguuntur,
588 1920 640 1978 sed
660 1921 875 1995 restringuntur.
906 1918 945 1976 Et
965 1920 1039 1978 sicut
1059 1925 1168 1995 postea

126 2006 178 2064 filii
188 2005 279 2064 Israel
292 2008 406 2081 saepius
428 2023 446 2064 a
459 2005 584 2080 reliquiis
597 2005 753 2064 eeumdem
769 2007 896 2082 gentium
909 2004 1167 2082 impugnabantur,

126 2094 168 2152 ita
188 2109 240 2168 per
261 2093 387 2151 fomitem
408 2094 542 2150 vitiorum
562 2093 723 2167 frequenter
739 2094 859 2151 virtutes
880 2098 993 2151 noshac
1014 2097 1168 2153 tentantur

128 2185 157 2238 et
179 2181 375 2238 exercitantur.
406 2177 610 2238 NOVIOIUS:
632 2179 731 2254 Rogo,
752 2184 784 2237 ut
806 2179 842 2237 dc
862 2178 970 2239 viribus
987 2177 1091 2238 horum
1112 2195 1167 2240 so·

126 2271 205 2341 ptem
225 2267 360 2324 vitiorum
379 2281 426 2322 me
448 2264 592 2340 expedias,
614 2272 644 2324 et
657 2282 744 2340 quem
758 2268 860 2325 acriter
873 2282 927 2325 nos
947 2270 1067 2341 tentent,
1089 2265 1168 2327 sub·

126 2354 229 2412 iunctis
251 2351 387 2428 exemplis
410 2350 552 2410 ostendas.

492 2539 724 2602 CAPITULUM
744 2541 799 2599 ΙΠ.

397 2665 446 2723 Dc
466 2662 654 2739 superbierat
673 2662 795 2738 filiabus
818 2667 887 2722 ciue
952 2634 955 2639 Ι

191 2801 426 2863 MONACHUS:
447 2801 603 2877 Superbia,
634 2817 707 2875 quae
728 2802 851 2875 primum
871 2800 967 2860 locum
988 2806 1067 2861 tenet
1088 2803 1168 2863 inter

128 2891 209 2964 vitia,
232 2896 276 2949 est
297 2889 446 2966 singularis
464 2889 647 2948 excellentiae
668 2904 755 2962 super
775 2887 848 2946 alios
870 2888 987 2962 quidem
1007 2890 1167 2965 appetitus.

127 2973 211 3035 Unde
222 2976 298 3034 dicta
309 2981 352 3034 est
364 2976 506 3050 superbia,
529 2977 611 3050 quasi
625 2991 712 3049 supra
719 2970 740 3053 Β)
753 2974 853 3048 briem,
873 2974 903 3032 id
917 2981 968 3049 est,
989 2992 1167 3051 mensuram,

126 3079 158 3121 se
173 3061 319 3121 extollens.
341 3061 401 3121 Sub
421 3062 477 3121 hoc
491 3064 560 3120 vitio
574 3064 602 3119 in
616 3060 762 3136 praedicto
781 3063 941 3136 septenario
956 3079 975 3120 a
989 3061 1166 3137 quibusdam

46 3147 49 3151 ’
124 3150 217 3207 inanis
229 3147 321 3224 gloria
335 3147 590 3223 comprehenditur.
623 3147 691 3206 Duo
707 3149 784 3206 enim
797 3164 903 3223 genera
916 3154 983 3206 sunt
1000 3148 1165 3224 superbiae,

108 3252 214 3292 sunum
235 3237 312 3293 intus
335 3237 427 3293 estin
454 3234 547 3294 cordis
576 3233 714 3307 elatione,
742 3233 863 3294 alterum
890 3235 958 3293 foris
979 3237 1009 3292 in
1031 3236 1127 3310 operis
1140 3233 1164 3316 ⁷)

126 3322 297 3380 ostensione.
337 3320 465 3379 Primum
477 3323 590 3397 proprie
605 3321 707 3380 dicitur
720 3321 862 3396 superbia,
883 3321 1004 3380 alterum
1024 3323 1166 3382 iactantia

123 3408 171 3467 vel
190 3409 282 3466 inanis
303 3407 403 3484 gloria
446 3407 605 3483 Superbiae
626 3410 798 3484 propagines
821 3413 850 3466 st
870 3410 946 3468 vires
968 3414 1035 3467 sunt
1056 3409 1164 3469 inobe-

142 3665 172 3732 1)
190 3664 264 3716 llarc.
284 3664 326 3726 16,
343 3663 368 3714 9.
390 3693 424 3703 —
446 3662 478 3732 2)
500 3661 597 3727 idest,
619 3661 728 3714 diabolo.
750 3661 822 3715 Cous.
840 3662 866 3713 S.
890 3661 1010 3715 Bernerd.
1037 3663 1063 3714 in
1086 3661 1161 3715 Cant.

191 3734 271 3786 Serm.
289 3734 331 3786 39.
349 3749 373 3800 p.
392 3732 452 3784 276.
471 3762 502 3772 -
522 3731 626 3798 3)Joe1
645 3733 669 3793 1,
687 3733 712 3783 4.
731 3761 763 3771 —
781 3732 814 3798 4)
827 3731 931 3801 Gregor.
949 3731 1035 3784 Moral.
1048 3730 1162 3797 xxxid,

192 3803 233 3860 39.
252 3834 285 3844 -
312 3803 344 3872 5)
361 3801 439 3857 Amos
459 3802 472 3855 l
492 3809 518 3855 et
536 3803 561 3853 2.
581 3831 611 3842 -
636 3802 668 3871 6)
686 3799 855 3869 scrupos.
873 3831 906 3841 -
931 3803 964 3872 2)
981 3802 1001 3857 B
1019 3816 1160 3871 operum.
