2438 4170
420 227 474 287 DE
499 218 782 288 CONVERSIONE.
1073 227 1113 285 43

117 350 253 426 exemplum,
276 350 496 425 videlieetquod
511 349 651 426 quosdam
673 349 799 409 converti
821 354 905 424 cogat
926 364 984 405 non
1004 362 1115 405 morsus

119 440 281 512 eonscientiae,
303 437 355 496 sed
377 454 457 496 amor
468 437 679 496 conservandae
695 436 882 511 innocentiae,
904 440 933 494 et
947 433 1116 494 desiderium

120 524 352 600 eoelestispatriae.

409 713 641 773 CAPITULUM
661 713 795 772 XXXV.
815 732 823 761 r

164 836 201 895 De
221 841 406 897 convuriorte
429 835 581 911 Godefridr'
602 836 739 894 monachi
766 835 947 908 Vitardeoeie,
970 841 998 894 et
1019 835 1055 892 de

443 921 670 982 revelationibus
692 926 761 980 eiua

71 1076 74 1143 ἓ
164 1077 192 1135 ln
210 1080 377 1138 monasterio
402 1081 492 1137 sancti
512 1078 695 1138 Pantaleonis
717 1080 746 1136 in
768 1078 894 1151 Colonia,
916 1076 993 1152 quod
1015 1081 1059 1136 est
1074 1074 1120 1133 ni-

118 1162 256 1237 griordinis
277 1165 496 1240 monachorum,
524 1168 634 1224 iuvenis
663 1166 780 1241 quidam
810 1167 862 1224 tuit
883 1166 997 1224 nomine
1021 1161 1121 1222 Gode-

118 1247 183 1308 iilos
199 1248 221 1332 ¹),
241 1255 371 1328 puritatis
393 1255 521 1327 eximiae,
541 1255 614 1311 inter
634 1253 733 1312 fratres
756 1270 824 1312 suos
845 1255 905 1311 sine
920 1250 1036 1326 querela
1050 1266 1121 1309 oon-

118 1343 228 1414 renatus,
249 1338 406 1398 secundum
428 1339 605 1415 disciplinam
628 1339 732 1399 ordinis
743 1339 826 1398 illius.
853 1339 892 1397 Et
906 1341 973 1414 quia
986 1339 1122 1414 scriptum

119 1426 160 1480 est:
177 1425 275 1485 luetur
292 1427 463 1502 iustificetur
478 1427 581 1498 adbuc,
605 1434 633 1485 et
642 1435 761 1486 coactus
772 1427 966 1502 sanctificetur
980 1425 1077 1483 odlruc
1088 1419 1122 1501 ²),

102 1505 229 1572 ‚denderio
250 1530 390 1589 supernae
411 1515 488 1572 vitae
503 1511 523 1592 ³)
546 1531 683 1573 accensus
705 1513 782 1572 idem
804 1512 983 1586 Godefn'dns,
1006 1517 1034 1570 et
1056 1511 1123 1585 quia

119 1599 247 1658 secundum
267 1600 383 1676 regulae
405 1600 572 1659 mandatum
593 1603 690 1659 rivere
711 1617 769 1659 non
797 1606 895 1677 posset
927 1597 1123 1669 considerans,

119 1685 178 1742 venit
194 1686 229 1744 ad
247 1704 316 1761 nos,
347 1687 491 1745 humiliter
524 1694 552 1746 et
579 1690 716 1747 instanter
743 1687 922 1763 supplicans,
954 1692 986 1744 ut
1006 1685 1124 1743 fratmm

120 1766 212 1848 collegio
239 1775 318 1850 iungi
344 1780 506 1832 mereretur.
549 1774 666 1833 Timens
687 1773 790 1832 Abbas
819 1768 947 1852 noster⁴)
976 1773 1067 1847 magis
1094 1772 1125 1828 in

119 1868 186 1916 busa
204 1877 262 1920 esse
283 1861 443 1934 levitatem,
477 1878 564 1935 quam
587 1860 781 1936 devotionem,
815 1878 881 1919 eum
901 1859 960 1918 heu
980 1859 1124 1934 suscipere

119 1954 162 1999 nor
178 1950 321 2022 acquievit.
363 1947 471 2006 Passus
493 1965 511 2005 a
532 1948 615 2006 nobis
635 1944 794 2022 repulsam,
815 1947 955 2006 Vilarium
977 1947 1073 2019 venit,
1095 1951 1124 2004 et

120 2029 179 2098 Dod
196 2037 301 2109 petivit,
323 2036 405 2093 citius
427 2035 556 2093 obtinuit.
600 2034 656 2110 Qui
677 2042 801 2110 quantae
822 2034 906 2092 suerit
926 2032 1125 2110 religiositatis,

120 2124 219 2184 quantae
238 2123 415 2196 sanctitatis,
443 2139 529 2196 quam
556 2122 668 2181 fervens
689 2124 719 2179 in
741 2122 854 2196 ordine,
874 2139 926 2196 per
946 2137 1042 2179 sacras
1064 2121 1125 2177 eius

119 2197 227 2278 reliquias
247 2225 339 2283 usque
360 2208 446 2266 hodie
466 2208 607 2267 Dominus
620 2205 640 2286 ⁵)
662 2225 720 2267 non
743 2213 835 2268 cessat
847 2207 1004 2267 ostendere.
1036 2206 1125 2264 Tern-

118 2295 309 2368 proquodam
331 2293 462 2353 dominus
483 2294 607 2354 Karolus
628 2295 730 2354 Abbas
751 2295 930 2370 Vilariensis,
961 2296 1010 2369 qui
1034 2293 1127 2351 luerat

119 2365 183 2433 Prior
200 2389 306 2455 noster,
334 2384 452 2440 veniens
481 2381 519 2440 ad
547 2399 615 2456 nos,
648 2382 727 2440 duxit
758 2400 856 2441 seeum
883 2380 1006 2441 eundem
1033 2381 1126 2438 virum

118 2469 286 2528 venerabilem
297 2464 333 2548 6);
357 2475 403 2542 et,
425 2471 497 2527 sicut
518 2469 587 2526 mihi
609 2467 738 2528 dixerunt
770 2471 818 2544 qui
839 2469 985 2543 viderunt,
1016 2473 1126 2526 tantam

115 2550 216 2612 uetiam
236 2555 396 2614 devotionis
419 2557 444 2614 ei
465 2555 606 2614 Dominus
627 2559 656 2614 in
677 2559 764 2615 missa
787 2555 912 2630 contulit,
933 2561 966 2613 ut
987 2554 1127 2613 stillicidia

113 2621 272 2701 herimarum
295 2660 330 2701 ex
353 2644 413 2701 eius
436 2643 523 2701 oculis
545 2642 631 2718 super
651 2643 740 2702 altare
763 2642 931 2718 volpertus
952 2643 1013 2700 eius
1034 2640 1126 2700 stilla-

112 2723 171 2778 rent„
211 2729 300 2804 Quem
323 2747 388 2788 cum
409 2731 595 2806 interrogaret
614 2747 726 2788 nonnus
739 2726 758 2809 τ)
781 2728 974 2789 Theodericus
1007 2727 1043 2786 de
1064 2726 1126 2786 Lu-

108 2799 177 2883 foke,
196 2820 258 2874 tunc
279 2819 431 2890 novicius,
445 2816 589 2890 quondam
612 2819 764 2876 canonicus
785 2816 959 2889 Bonnensis,
982 2813 1126 2889 quomodo

106 2894 182 2955 ⁰lare
202 2902 327 2977 deberet,
356 2903 515 2979 respondit:
542 2902 618 2962 Nihil
647 2903 756 2962 debetis
787 2903 880 2963 dicere
900 2905 930 2960 in
952 2897 1127 2980 orationefl),

101 2971 148 3031 sed
172 2991 278 3048 tantum
300 2993 424 3066 cogitare
446 2990 482 3049 de
504 2991 660 3049 Salvatoris
671 2987 692 3070 ⁹)
713 2993 877 3065 nativitate,
903 2991 1051 3065 passione,
1079 3005 1127 3046 re·

97 3064 267 3135 ⁸¹¹11ertione
285 3074 313 3156 ¹⁰)
338 3084 367 3135 et
387 3077 448 3135 aliis
471 3094 544 3152 quae
567 3079 648 3136 vobis
670 3084 737 3136 nota
760 3084 833 3136 sunt.
877 3076 962 3152 Quod
987 3074 1048 3151 ipse
1069 3075 1126 3134 irc·

94 3149 217 3220 ibenter
236 3166 264 3222 in
285 3181 341 3223 usu
362 3165 470 3239 habuit,
491 3165 548 3223 hoc
571 3170 599 3221 et
620 3164 690 3223 alios
713 3163 814 3223 docere
832 3163 948 3226 studuit.
991 3162 1128 3222 Habebat

91 3229 119 3280 et
142 3250 273 3320 spiritum
294 3250 468 3327 prophetiae,
489 3254 529 3310 ita
551 3258 583 3308 ut
605 3251 776 3326 quandoque
797 3250 944 3310 monachis
957 3252 1127 3308 tentationes

85 3302 205 3394 futuras
224 3338 407 3413 praediceret,
430 3344 458 3399 et
478 3346 511 3397 ut
533 3337 620 3398 corda
640 3356 693 3397 sua
713 3357 765 3414 per
785 3340 951 3414 patientiam
972 3354 1127 3413 pracpara-

102 3495 142 3567 1)
169 3516 209 3571 BD
225 3522 417 3575 Godefridus
435 3525 569 3575 nomine.
590 3552 621 3561 -
640 3523 672 3590 2)
689 3523 769 3589 Apoc.
787 3524 831 3588 22,
849 3524 890 3574 11.
905 3553 932 3562 —
952 3523 984 3588 3)
1002 3522 1022 3575 C
1040 3524 1127 3573 vitae

173 3605 335 3658 supernae.
354 3598 385 3632 '-
413 3593 444 3659 4)
472 3593 512 3645 Bc
529 3592 675 3644 dominus
693 3593 807 3644 Abbas.
832 3623 863 3632 -
883 3593 914 3661 5)
933 3592 953 3645 C
975 3592 1127 3644 Dominus

172 3666 266 3728 usqne
291 3662 394 3714 hodie.
415 3692 445 3701 -
465 3664 496 3730 6)
513 3663 534 3714 G
551 3662 775 3715 venerabilem
802 3663 914 3715 virum.
935 3692 965 3700 -
985 3663 1016 3729 7)
1034 3662 1054 3714 B
1073 3661 1128 3712 do·
1206 3700 1210 3719 .

150 3794 156 3801 ἱ
173 3729 318 3783 minna-
338 3733 369 3800 8)
388 3731 430 3783 DP
447 3735 477 3784 in
495 3733 648 3783 oratione
667 3732 783 3784 dicere.
796 3763 825 3772 -
838 3733 869 3798 9)
888 3731 928 3783 DP
946 3731 995 3782 add
1012 3731 1126 3784 nostri.

176 3824 203 3836 -
220 3799 265 3870 10)
282 3800 303 3856 G
320 3811 352 3855 et
369 3802 628 3868 resurrectionem
646 3801 721 3873 paulo
739 3811 799 3874 post
814 3802 853 3856 BP
871 3801 979 3856 nobis.
