2460 4162
414 190 469 301 on
491 186 761 303 pannonicus.
1041 243 1102 302 aar

66 362 111 425 Ut
132 363 201 439 quid
222 368 281 421 tam
304 362 374 422 dure
395 381 441 423 me
462 362 579 423 caedis?
601 364 748 438 respondit
767 362 831 422 illa:
853 361 928 439 Quia
949 380 1036 438 saepe
1056 380 1105 423 me

65 450 177 509 turbes
219 448 267 508 Ad
289 449 366 524 quod
389 449 534 509 diabolus:
562 449 655 509 Multo
677 450 799 526 amplius
820 449 953 508 hesterna
975 450 1020 508 die
1041 455 1104 507 tur-

66 538 138 596 bavi
159 552 285 595 sororem
306 542 387 595 tuam
408 539 569 610 cantricem,
592 553 651 596 nou
671 543 768 596 tamen
789 553 835 595 me
857 538 1003 610 percussit.
1047 535 1104 595 Sa·

66 625 107 683 tis
128 622 243 699 quidem
271 622 320 681 illa
342 623 387 681 die
416 624 531 682 turbata
551 624 651 682 fuerat.
693 623 818 698 Exque
841 623 995 699 colligitur,
1027 622 1105 698 quod

66 712 128 785 ira,
165 725 282 784 rancor,
317 712 493 784 impatientia
522 716 551 769 ct
578 709 635 769 alia
662 708 826 769 huiusmodi
852 712 922 768 vitia
950 726 1037 786 saepe
1068 726 1105 768 ex

66 797 242 855 immissione
274 797 330 855 sint
362 795 477 855 diaboli.
526 795 594 855 Alia
621 799 684 856 vice
714 814 779 856 cum
808 795 910 855 eadem
937 795 1104 869 Elisabeth,

67 884 214 941 matutinis
235 884 317 941 nimis
338 882 470 958 tardatis,
499 900 585 958 opere
614 889 646 941 ut
674 890 740 958 post
765 885 897 958 apparuit
919 882 1038 957 diaboli,
1066 881 1104 941 ad

68 985 240 1045 campanam
259 969 418 1044 festinaret,
451 968 657 1044 candelamque
678 969 824 1028 ardentem
844 971 875 1026 in
895 987 983 1027 manu
1004 974 1104 1044 porta-

67 1062 127 1130 ret,
153 1057 212 1115 iam
240 1057 377 1130 intratura
404 1056 479 1115 iores
510 1059 637 1130 oratorii,
670 1055 839 1115 daemonem
865 1057 895 1112 in
920 1058 1015 1130 specie
1036 1056 1103 1129 viri,

67 1147 166 1201 tunica
186 1141 317 1201 indutum
339 1142 484 1202 cultellata
500 1139 525 1222 ¹),
548 1149 647 1202 contra
668 1160 699 1201 se
716 1149 791 1200 stare
807 1145 962 1216 conspexit.
993 1141 1104 1201 Putans

64 1226 194 1304 aliquem
214 1231 334 1288 intrasse
355 1231 495 1302 virorum,
524 1231 621 1287 territa
649 1236 802 1288 retrorsum
828 1246 879 1303 per
907 1228 1013 1304 gradus
1035 1228 1103 1286 dor-

66 1317 174 1375 mitorii
193 1315 309 1390 cecidit,
337 1317 378 1374 ita
400 1322 431 1374 ut
451 1333 505 1391 per
526 1315 634 1390 aliquot
655 1315 715 1374 dies
737 1321 797 1374 tam
819 1332 854 1374 ex
875 1318 1022 1390 repentino
1043 1320 1103 1373 ter-

65 1418 132 1461 rore
169 1419 255 1478 quam
293 1419 328 1461 ex
366 1402 450 1478 lapsu
488 1401 644 1478 langueret.
698 1390 773 1460 Na'm
814 1407 842 1460 et
873 1400 1032 1460 Abbatissa
1067 1419 1103 1460 ex

66 1488 171 1549 eodem
205 1505 274 1547 casu
305 1489 466 1563 stupefacta
499 1488 690 1547 infirmitatem
725 1490 863 1563 concepit.
918 1487 999 1563 Quae
1035 1487 1103 1546 dnm

66 1591 187 1635 musam
206 1575 281 1634 illius
308 1575 406 1650 lapsus
439 1582 526 1650 atque
556 1576 686 1635 clamoris
708 1575 744 1634 ab
769 1592 803 1633 ea
825 1575 968 1633 sciscitata
989 1574 1102 1648 fuisset,

65 1668 98 1721 et
117 1660 167 1721 llla
187 1664 326 1721 visionem
348 1665 539 1736 exposuisset,
573 1663 690 1720 adiecit:
716 1661 747 1722 Si
769 1663 917 1719 scivissem
938 1659 1016 1735 quod
1038 1659 1102 1719 dia-

64 1746 151 1809 bolus
171 1748 286 1822 fuisset,
319 1755 348 1807 ct
368 1766 426 1808 non
454 1748 556 1822 homo,
589 1750 695 1808 bonam
722 1747 762 1805 illi
791 1747 926 1823 alapham
952 1746 1102 1806 dedissem.

38 1832 136 1897 'Jam
156 1837 233 1895 enim
254 1836 417 1895 accinxerat
438 1834 599 1894 fortitudine
628 1833 742 1894 lumbos
763 1851 854 1908 suos„
868 1840 896 1893 et
917 1839 1016 1894 contra
1038 1832 1101 1894 dia-

64 1920 167 1983 bolum
186 1922 373 1982 roboraverat
393 1921 542 1982 brachium
564 1939 648 1980 suum
656 1917 686 2000 ²).

401 2109 633 2172 CAPITULUM
655 2111 766 2171 XLVI.

94 2232 143 2293 Dc
163 2234 287 2305 melosa
310 2250 387 2309 quac
403 2252 461 2309 per
484 2233 650 2291 Benedicite
671 2232 796 2292 liberata
818 2239 861 2291 est
882 2251 903 2290 o
925 2232 1074 2292 daernoae.

129 2370 222 2431 Alteri
244 2370 358 2430 cuidem
380 2369 501 2429 feminae
529 2376 644 2445 propter
666 2370 811 2431 Christum
841 2370 967 2431 inclusae
995 2373 1036 2430 ita
1056 2373 1101 2429 in·

62 2458 155 2519 tesan
175 2459 229 2517 fuit
250 2457 389 2531 diabolus,
414 2464 447 2515 ut
468 2460 554 2516 etiam
574 2457 679 2517 lectum
701 2458 776 2516 illius
797 2457 935 2520 violenter
957 2465 986 2517 et
1005 2460 1101 2533 impu-

63 2543 165 2604 denter
185 2543 360 2604 ascenderet.
402 2543 431 2602 A
458 2545 515 2618 quo
545 2562 611 2602 eum
638 2544 715 2602 nullo
745 2551 843 2620 posset
871 2544 995 2603 remedio
1017 2546 1100 2619 spiri-

63 2631 135 2691 urnii
156 2631 278 2704 liberari,
299 2648 358 2689 non
379 2633 516 2704 oratione,
536 2648 594 2689 nou
612 2631 797 2703 confessione,
818 2649 876 2689 non
897 2634 978 2706 signo
1001 2633 1101 2704 crucis,

63 2717 171 2777 diaboli
197 2719 451 2792 importunitatem,
479 2720 680 2792 propriamque
701 2720 882 2776 vexationem
904 2716 1017 2775 cuidem
1038 2719 1100 2776 viro

61 2803 197 2880 religioso
219 2810 376 2879 conquesta
398 2810 450 2862 est
494 2803 547 2862 Cui
578 2804 625 2862 ille
646 2803 704 2862 tale
726 2803 874 2863 consilium
897 2803 982 2862 dedit.
1026 2802 1099 2862 Cum

63 2891 125 2964 tibi,
146 2882 416 2969 iuquit³),'propius
430 2893 588 2964 accesserit,
610 2891 697 2963 dicas,
718 2890 892 2949 Benedicite.
925 2889 1012 2965 Quod
1034 2907 1099 2948 cum

61 2977 112 3035 illu
132 2976 262 3050 fecisset,
291 2977 432 3052 malignus
458 2979 574 3052 spiritus
595 2980 677 3052 quasi
698 2978 809 3036 turbine
830 2976 983 3052 impulsus,
1016 2993 1049 3035 se
1070 2979 1099 3034 in

61 3062 154 3123 saltus
176 3063 263 3136 dedit,
284 3080 337 3122 nec
359 3063 474 3122 ulterius
497 3063 534 3122 ad
555 3064 633 3122 illam
655 3065 792 3123 accedere
813 3074 901 3122 ausus
924 3064 984 3122 fuit
1026 3061 1099 3123 No-

61 3149 212 3210 VICIUS:
242 3148 376 3223 (isandeo¹
392 3150 469 3224 quod
498 3157 609 3209 tantam
636 3153 771 3209 virtutem
781 3147 803 3229 4)
836 3150 923 3209 audio
949 3152 979 3208 in
1008 3151 1098 3210 verbo

60 3243 179 3301 ambae
209 3236 397 3295 salutationis.
449 3235 683 3296 MONACHUS:
723 3237 818 3296 Tanta
851 3242 894 3295 est
925 3236 1099 3297 daemonum

59 3322 180 3397 mulitia,
200 3329 234 3381 ut
256 3339 328 3397 quos
350 3324 503 3382 terroribus
526 3323 663 3383 seducere
684 3323 732 3383 vel
751 3319 911 3403 frangero⁶)
932 3341 991 3383 non
1011 3341 1097 3400 prae·

60 3408 169 3484 volart,
188 3409 377 3486 phantasticis
399 3411 555 3470 visionibus
576 3410 724 3471 seducant
766 3410 856 3471 Verbi
877 3413 983 3487 gratier

79 3662 152 3731 1)c
177 3661 355 3727 cucullata,
372 3663 392 3714 B
409 3662 557 3715 cultello.
578 3693 609 3703 -
627 3664 659 3732 2)
677 3663 798 3716 Proverb.
817 3664 866 3728 31,
885 3665 925 3715 17.
946 3695 978 3704 -
1005 3664 1037 3732 3)
1054 3664 1097 3717 ΒΟ

131 3748 215 3797 cnm,
240 3733 363 3800 lnquit,
389 3732 463 3784 tibi.
492 3760 522 3773 -
547 3732 618 3803 4)c
643 3741 771 3786 tanturn
788 3734 944 3787 uirtutis.
966 3762 1000 3773 -
1020 3733 1104 3798 'exile

130 3800 279 3871 frangere
298 3801 351 3855 vol
366 3800 535 3857 seducere.
