2438 4170
336 295 347 311 ,Ι
427 231 482 294 nn
506 231 776 297 onruoumns.
1059 237 1120 296 111

434 426 666 488 GAPITULUM
701 427 768 487 XL.

128 542 211 607 Item
232 547 268 607 de
290 548 440 622 doemone,
463 553 514 626 qui
536 554 568 609 ira
589 555 680 626 specie
700 550 1070 626 11111111111111111111111

302 639 416 712 spineta
437 638 545 696 ducars
566 641 697 698 inimicos
719 639 784 697 illoc
806 638 906 714 effecit.

144 772 230 835 Sicut
249 773 319 833 mihi
340 775 434 837 retulit
456 775 572 852 quidam
592 776 729 834 honestus
750 775 899 851 sacerdos,
920 793 997 835 nuno
1019 752 1121 835 mona-

67 859 155 921 chus
176 863 206 920 in
227 860 326 921 ordino
346 869 457 937 nostro,
478 862 618 938 plebanus
640 862 789 923 cuiusdam
809 863 910 937 villae,
941 863 1122 938 parochianis

67 946 140 1007 suis
163 947 276 1023 placere
297 948 406 1023 volens,
427 949 509 1009 ludos
528 949 688 1009 saeculares
711 968 776 1009 cum
796 950 851 1008 illis
867 953 1000 1024 exercuit,
1021 950 1120 1009 taber-

68 1051 134 1094 nas
155 1035 359 1110 frequentavit,
382 1039 459 1095 etin
482 1043 621 1111 quantum
641 1040 749 1112 potuit,
767 1038 898 1095 moribus
919 1037 1031 1096 illorum
1053 1053 1121 1095 suos

70 1119 277 1182 conformavit.
318 1123 529 1199 Impletumque
549 1130 592 1183 est
612 1126 642 1182 in
664 1141 698 1184 eo
720 1124 789 1182 illud
802 1124 980 1199 Prophetae:
1002 1124 1044 1182 Et
1065 1128 1120 1181 crit

71 1211 160 1267 sicut
183 1209 310 1284 popular
339 1214 379 1268 sic
412 1219 440 1270 et
470 1212 605 1271 sacerdos
622 1207 650 1290 ).
701 1210 838 1271 Habebat
870 1217 967 1269 autem
995 1212 1024 1267 in
1051 1209 1120 1269 villa

72 1293 202 1353 militem
222 1300 397 1371 compatrem
408 1294 438 1376 ²),
460 1299 536 1357 vitiis
558 1301 616 1357 suis
638 1301 797 1375 peremnia
813 1297 1041 1357 concordantem.
1083 1296 1122 1354 Et

76 1386 147 1440 erat
167 1383 220 1456 eis,
240 1398 298 1440 nou
319 1384 349 1440 in
371 1383 492 1459 Christo,
521 1384 622 1444 sedin
644 1385 766 1460 mundo,
796 1402 845 1445 cor
865 1403 955 1443 unum
977 1390 1006 1443 et
1026 1385 1123 1442 anima

76 1463 184 1547 una³).
214 1468 308 1545 Saepe
330 1469 401 1529 alter
421 1472 459 1531 ab
482 1471 569 1531 altero
592 1471 630 1531 ad
647 1471 730 1532 ludos
753 1472 840 1531 etad
862 1471 961 1546 epulas
975 1471 1120 1530 inritaba-

78 1563 145 1629 tur,
172 1572 259 1632 saepe
288 1556 327 1615 ad
354 1559 488 1618 tabernas
516 1558 689 1618 trahebatur.
742 1558 852 1617 Vidons
880 1558 953 1618 haec
975 1557 1122 1630 diabolus,

79 1644 170 1703 totius
192 1643 250 1703 doli
277 1644 392 1720 artifex,
420 1652 453 1704 ut
482 1658 609 1705 amorem
630 1642 774 1725 illorumt)
803 1648 938 1704 vitiosum
966 1646 995 1702 in
1023 1642 1121 1702 odium

81 1734 207 1791 verteret
227 1731 434 1807 periculosum,
465 1739 548 1791 nocte
571 1733 695 1807 quadam
717 1750 783 1791 cum
804 1732 895 1792 isdem
904 1728 924 1811 ⁵)
947 1731 1029 1789 miles
1052 1733 1122 1789 isset

82 1816 224 1893 cubitum,
256 1820 285 1877 in
305 1819 398 1878 forma
418 1818 573 1879 sacerdotis
595 1819 760 1878 adlectum
782 1822 842 1878 eius
863 1821 955 1891 venit,
985 1823 1067 1876 1111
1088 1833 1121 1876 se

82 1912 266 1981 sequeretur,
298 1911 357 1965 tam
383 1907 472 1965 verbo
502 1923 589 1981 quam
617 1907 697 1982 signo
725 1908 884 1981 importune
913 1906 982 1964 satis
1011 1904 1121 1962 institit

83 1990 170 2053 Miles
192 2010 259 2052 cum
279 1995 391 2052 territus
413 2010 486 2068 pene
503 1993 597 2052 nudus
612 1999 748 2069 surgeret,
770 2000 798 2051 et
818 1992 938 2069 nudipes
956 1997 1122 2066 sequeretur

83 2079 312 2155 praecedentem,
332 2096 384 2154 per
405 2098 538 2156 campum
559 2082 646 2156 spinis
669 2086 697 2138 et
717 2081 852 2155 vepribus
880 2080 996 2154 plenum
1018 2079 1121 2137 ductus

72 2172 137 2245 uest.
178 2164 208 2225 A
227 2165 330 2241 quibus
353 2164 450 2247 dume)
471 2167 587 2243 plantae
610 2169 669 2226 eius
681 2167 896 2225 vulnerarentur
911 2173 939 2225 et
953 2168 1121 2242 sanguinem

84 2250 231 2328 stillarent,
252 2255 339 2312 iratus
360 2261 426 2328 post
447 2271 513 2311 eum
535 2254 683 2312 clamavit:
704 2253 782 2313 Male
805 2253 947 2328 sacerdos,
971 2253 1047 2311 malo
1069 2254 1123 2311 tuo'

83 2336 141 2397 huc
162 2356 211 2398 me
238 2338 388 2398 adduxisti.
430 2340 556 2399 Diabolo
584 2357 696 2416 semper
725 2341 881 2416 clamante,
910 2357 1042 2415 sequere,
1071 2355 1120 2397 se·

84 2441 180 2500 quere,
202 2425 283 2484 miles
304 2427 445 2500 turbatur,
465 2427 560 2503 ligone
583 2425 698 2507 quem⁷)
722 2445 791 2487 casu
812 2430 923 2503 reperit,
945 2432 978 2484 ut
998 2426 1052 2484 sibi
1074 2428 1119 2485 vi-

84 2508 206 2572 debatur
227 2517 314 2587 caput
333 2512 488 2572 sacerdotis
510 2514 612 2573 divisit.
654 2514 702 2574 Sic
722 2515 770 2574 illo
792 2521 960 2589 prostratro,
989 2519 1018 2572 et
1038 2512 1120 2571 vultu

83 2599 145 2658 cius
166 2601 305 2676 sanguine
325 2584 456 2675 perfuso,
487 2601 568 2660 miles
591 2619 657 2659 cum
677 2601 767 2659 multo
789 2600 885 2659 labore
907 2618 941 2658 ac
963 2599 1060 2658 dolore
1081 2598 1120 2658 ad

83 2682 203 2745 domum
223 2703 306 2744 suam
322 2689 484 2762 revertitur3
506 2684 657 2765 qualiterrl
681 2690 707 2745 ei
728 2687 861 2745 sacerdos
882 2687 1009 2760 illuserit,
1029 2687 1119 2760 uxori,

81 2771 207 2833 familiae
229 2775 382 2848 amicisque
405 2776 593 2848 conqueritur.
636 2774 696 2833 Illis
718 2776 811 2832 minus
833 2772 1022 2846 credentibus,
1047 2773 1119 2831 sub·

82 2861 150 2921 iecit
159 2857 197 2941 ⁹):
229 2859 291 2936 Ego
321 2866 408 2936 caput
434 2863 494 2919 eius
517 2867 545 2920 et
567 2877 702 2920 coronam
722 2877 781 2918 non
801 2860 946 2919 modicum
961 2859 1118 2919 vulneravi.

82 2944 196 3007 Eadem
215 2954 300 3006 nocte
321 2947 463 3022 sacerdos,
484 2949 585 3007 horum
606 2965 721 3023 prorsus
742 2948 855 3022 inscius,
877 2964 942 3006 cum
964 2963 999 3004 ex
1016 2964 1118 3006 neces-

29 3054 32 3061 ·
83 3036 168 3094 sitate
189 3040 307 3094 naturae
328 3036 419 3092 iturus
441 3042 516 3094 esset
528 3036 565 3094 ad
580 3053 730 3110 cameram,
751 3052 817 3094 cum
837 3040 916 3094 tanto
938 3035 1045 3110 impetu
1067 3051 1118 3094 ca-

83 3127 138 3196 put
156 3120 244 3179 limini
258 3123 395 3197 superiori
406 3121 492 3196 illisit,
514 3129 545 3180 ut
568 3139 673 3182 corona
686 3125 810 3198 graviter
824 3121 980 3196 vulnerata,
1001 3123 1118 3198 sanguis

84 3223 236 3284 erumpens
262 3215 353 3267 totam
382 3211 442 3267 cius
463 3209 565 3268 faciem
588 3215 756 3269 cruentaret.
800 3208 863 3285 Quo
886 3208 923 3267 ad
944 3207 1118 3268 1111111111-

84 3300 222 3371 vertente,
243 3313 308 3356 1111
329 3312 413 3355 mano
433 3297 557 3372 populus
577 3297 691 3372 pulsata
712 3298 800 3354 missa
820 3298 849 3354 in
871 3295 990 3356 ccclesia
1014 3312 1117 3371 exspe-

103 3464 134 3532 1)
151 3464 209 3516 lsai.
226 3465 269 3528 24,
286 3464 311 3515 2.
330 3494 362 3503 —
381 3465 413 3527 2]
431 3465 471 3516 Bc
492 3479 734 3530 1111111111.-
762 3463 911 3531 311114,
929 3463 976 3514 32.
995 3492 1027 3501 —-
1045 3462 1117 3528 101)

154 3533 250 3586 illum.
272 3564 302 3574 -
323 3534 432 3601 511111
455 3533 543 3585 idem.
573 3533 623 3584 Sed
640 3534 793 3600 pronominis
809 3536 901 3595 iorrna,
918 3532 1032 3596 isdem,
1049 3531 1117 3583 haud

154 3620 211 3657 raro
229 3605 336 3656 occurrit
354 3604 419 3670 apud
439 3605 572 3671 scriptores
590 3603 666 3654 medii
684 3605 748 3654 aevi.
767 3604 870 3672 Gregor.
889 3601 974 3654 lloral.
994 3619 1017 3668 p.
1038 3602 1069 3653 17
1081 3601 1116 3652 u:

156 3673 230 3740 „hinc
246 3682 286 3725 est
303 3673 371 3742 quod
395 3675 495 3726 isdem
513 3674 603 3724 beatus
619 3673 666 3725 lob
685 3672 783 3724 sibimet
801 3675 957 3724 attestatur.“
977 3702 1008 3711 —
1028 3672 1061 3738 6)
1076 3670 1117 3723 ssc

155 3760 229 3796 curn.
243 3773 273 3783 -
286 3744 319 3812 7)
334 3743 461 3796 ABGDPK
477 3742 595 3812 liguum
613 3742 712 3812 quod,
735 3743 756 3795 11
773 3742 863 3812 ligno
887 3741 977 3811 quod.
996 3771 1027 3780 —
1046 3740 1079 3808 8)
1097 3740 1116 3792 C

154 3823 185 3866 et
203 3812 355 3883 qualiter.
374 3844 404 3855 -
424 3813 493 3883 9JB
518 3813 696 3866 subiunxit.
