2438 4170
87 231 149 290 aad
400 224 629 292 DISTOEUI'IO
656 224 809 307 QUINTA

90 352 222 412 omuibus
243 368 294 413 our
315 354 356 412 ita
377 351 497 429 diceret,
518 354 621 412 iterum
641 352 698 412 boo
718 353 842 412 verbum
864 350 1031 429 respoudit:
1060 351 1134 430 Quid

91 440 127 500 de
147 439 204 499 hoo
225 438 388 499 miramini?
431 440 528 500 Tanta
549 447 593 507 est
609 439 718 500 malitia
739 456 814 515 maa,
836 444 866 499 et
886 445 949 500 tam
972 441 1134 501 obstinatus

90 545 155 586 sum
175 530 205 585 in
226 527 290 602 illa,
317 533 351 586 ut
378 543 437 586 non
464 529 572 603 possim
594 526 702 603 aliquid
722 526 798 587 velle
818 527 898 587 boni
942 508 1022 589 Huic
1044 528 1132 607 verbo

90 612 206 675 alterius
228 612 377 674 cuiusdam
399 613 545 674 daemonis
569 631 662 674 sermo
684 630 743 673 non
765 613 932 675 coneordat

462 821 697 884 CAPITULUM
716 823 759 882 X.

257 980 305 1039 De
327 980 387 1038 olio
409 979 559 1053 dammone,
588 983 640 1056 qui
661 982 815 1038 contraria
838 979 963 1041 amabor.

156 1152 191 1211 In
213 1152 334 1213 ecelesia
346 1149 362 1233 ¹)
383 1154 462 1213 beati
474 1153 553 1213 Petri
572 1155 602 1211 in
617 1152 737 1213 Colonia
744 1150 765 1234 ²)
788 1171 854 1214 oum
867 1152 976 1214 semina
989 1152 1113 1230 quaedam

92 1241 270 1300 adaemone
302 1240 422 1300 obsessa
452 1241 651 1301 miserabiliter
682 1246 919 1316 immutaretur,
951 1243 1111 1318 eontigitrt

92 1326 147 1386 alia
176 1328 295 1386 obsessa
322 1329 527 1403 superveniret.
568 1327 639 1385 Mox
667 1345 725 1386 uua
755 1333 854 1388 contra
887 1327 1007 1387 alteram
1033 1328 1108 1404 eoepit

91 1417 250 1490 insurgere,
280 1414 452 1474 elamoribus
482 1421 511 1473 et
540 1415 780 1474 contumeliissie
802 1416 981 1475 seinvicem
1000 1414 1105 1488 affiatu,

91 1507 124 1559 ut
145 1518 244 1560 omnes
265 1503 431 1559 miraremur
444 1499 473 1582 ³).
516 1501 648 1561 Daemon
670 1501 803 1561 daemoni
824 1500 955 1562 dicebat:
975 1501 1104 1577 ditarunt
1158 1574 1160 1581 Ι

94 1588 162 1665 quid
183 1588 384 1649 consentiendo
406 1589 538 1647 Lucifero
560 1591 601 1648 sie
624 1588 659 1647 da
680 1588 771 1666 gloria
793 1595 911 1649 aeterna
931 1587 1052 1649 ruimus?
1067 1584 1101 1646 dd

93 1676 171 1753 quod
192 1677 264 1737 alter
279 1676 437 1751 respoudit:
461 1676 556 1751 Quare
577 1675 688 1736 fecisti?
711 1674 841 1751 Cumque
861 1676 910 1736 ille
932 1676 1023 1736 adbuo
1041 1674 1101 1751 quari

93 1764 283 1840 poenitudinis
303 1764 393 1823 verba
409 1763 555 1840 proferret,
575 1762 646 1822 alter
668 1765 827 1822 subiunxit:
848 1763 938 1839 Taua,
957 1761 1101 1840 poenitentia

94 1854 148 1910 ista
169 1853 252 1909 nimis
275 1856 318 1909 est
339 1867 415 1925 sera,
447 1850 538 1909 redire
567 1868 624 1910 uon
646 1852 760 1926 poteris.
802 1848 893 1910 Vides
915 1857 1021 1926 quanta
1039 1849 1101 1909 situ

92 1937 147 1996 illis
162 1931 367 2018 obstinatia⁴)?
388 1937 469 1995 Idem
484 1939 598 2012 spiritus
611 1937 753 2014 malignus
776 1937 812 1996 de
833 1937 927 1996 reditu
949 1939 986 1997 ad
1003 1936 1105 2014 glorian

96 2027 169 2085 sicut
190 2026 332 2100 superior,
353 2026 560 2100 iuterrogatus,
584 2024 704 2084 verbum
726 2026 848 2082 sermoni
871 2026 933 2084 eius
955 2024 1035 2084 vaide
1055 2037 1106 2083 ooo·

96 2114 214 2171 tranum
246 2111 378 2170 audiente
411 2128 456 2169 me
485 2111 645 2187 respondit:
677 2111 708 2170 Si
736 2118 827 2184 esset,
859 2111 967 2187 inquit,
1000 2110 1108 2171 eorunm

95 2200 186 2258 t'orrea
208 2205 237 2257 et
249 2201 347 2275 ignita,
368 2201 481 2257 rasoriis
504 2206 532 2257 et
546 2195 687 2277 laminis⁵)
702 2200 873 2257 acutissimis
887 2206 1006 2274 armata,
1026 2205 1111 2257 atem

96 2303 187 2361 usque
217 2285 254 2344 ad
281 2285 392 2345 eoelum
421 2292 530 2360 ereata,
562 2303 653 2361 usque
682 2285 720 2344 ad
749 2285 824 2344 diem
851 2284 963 2361 iudicii,
995 2282 1114 2345 etiamsi

96 2389 210 2432 earnem
238 2372 388 2447 haberem,
414 2375 443 2430 in
465 2389 522 2447 qua
544 2375 604 2449 pati
625 2389 752 2447 possem,
781 2389 827 2430 ma
848 2372 999 2446 perillam
1020 2372 1117 2432 trahere

96 2461 207 2533 veliem,
228 2477 304 2518 nune
327 2459 517 2534 ascendendo,
539 2477 614 2517 nuno
634 2459 841 2533 descendendo,
865 2458 1020 2520 dummodo
1041 2458 1119 2520 redire

93 2565 210 2624 possem
230 2547 268 2605 ad
289 2547 409 2623 gloriam
437 2549 466 2604 in
489 2544 546 2621 qria
569 2547 618 2604 fui.
661 2545 860 2605 NOVICIUS:
891 2547 970 2622 Quid
991 2554 1035 2607 est
1056 2543 1122 2623 quod

94 2646 154 2694 tam
176 2637 317 2694 contraria
344 2633 514 2693 senserunt?
557 2632 792 2692 MONACHUS:
825 2632 962 2692 Daemon
990 2637 1123 2711 superior,

94 2725 186 2782 scions
207 2724 430 2798 propositionem
461 2722 515 2780 sibi
536 2721 641 2779 saetam
662 2737 778 2795 prorsus
799 2721 1021 2796 impossibilem,
1050 2720 1125 2780 mali·

95 2813 164 2869 tiam
177 2827 260 2868 suam
276 2808 414 2882 ostendit;
436 2810 489 2866 iste
504 2814 643 2882 quantum
658 2809 726 2866 boni
737 2807 898 2882 perdiderit,
919 2810 1016 2866 verbis
1030 2809 1126 2884 quibus

95 2896 184 2954 valuit
206 2895 370 2954 declaravit.
412 2894 614 2954 NOVICIUS:
645 2893 794 2952 Timentne
825 2894 980 2954 daemones
1009 2912 1128 2971 poenam

97 2985 150 3042 sibi
178 2981 400 3058 praeparatam?
432 2981 667 3040 MONACHUS:
697 2980 829 3040 Sentiunt
852 2989 880 3039 et
903 2985 1013 3040 timent.
1057 2982 1128 3040 Hine

95 3076 138 3128 est
160 3070 237 3144 quod
252 3087 350 3129 omnes
364 3071 521 3143 exorcismi,
543 3071 591 3144 qui
606 3067 643 3126 ad
656 3067 768 3126 illorum
780 3070 937 3142 nequitiam
945 3065 966 3148 ⁶)
989 3086 1128 3129 enervan-

97 3156 162 3214 dam
191 3157 276 3231 fiunt,
308 3173 358 3231 per
385 3159 480 3233 ignem
510 3163 538 3214 et
566 3161 723 3213 extremum
751 3155 887 3213 iudioiurn
916 3156 1128 3215 concluduntur.

96 3245 189 3318 Quam
210 3245 303 3319 parati
324 3245 379 3301 sint
401 3242 438 3302 ad
459 3241 621 3302 nocendum
637 3241 809 3317 homiuibus,
830 3240 892 3301 aliis
913 3244 965 3302 tibi
981 3243 1128 3305 ostendam

95 3331 239 3405 exemplis

115 3659 145 3724 i)
164 3657 183 3709 Ο
201 3659 410 3709 monasterio.
429 3687 459 3696 —
480 3657 511 3725 2)
529 3656 570 3708 ΒΟ
588 3656 755 3708 Coloniae.
771 3687 800 3697 -
815 3657 847 3724 3)
864 3655 906 3708 ΒΟ
923 3658 1124 3708 mirarentur.

162 3759 193 3766 ν
213 3729 244 3795 4)
263 3727 303 3780 ΒΟ
320 3726 517 3790 obstinatio;
536 3727 601 3777 coni.
620 3727 650 3790 li,
664 3727 704 3778 16.
719 3755 749 3765 -
767 3727 798 3794 5)
811 3725 989 3779 sicemendavi
1008 3726 1124 3778 librorum

161 3800 307 3856 lectionem:
326 3797 469 3852 calamis.
489 3826 521 3834 -
540 3797 572 3864 6)
591 3796 631 3849 ΒΟ
649 3796 816 3847 malitiam.
