2460 4162
420 234 476 298 nn
498 217 762 300 marimens.
865 258 869 266 ·
1043 240 1105 300 mr
1189 230 1194 237 ·

70 377 180 438 sponso
203 359 319 422 coelesti
339 358 465 421 Domino
486 376 551 420 meo
573 358 646 420 lesu
662 357 688 442 ¹).
730 358 862 425 Tandem
882 361 999 439 virginis
1019 364 1109 438 perti·
1155 392 1157 395 ·

70 449 156 508 numa
185 453 319 524 parentes
350 446 486 522 taediati,
516 449 648 522 propriae
678 447 758 506 illam
789 449 928 525 reliquere
958 447 1108 509 voluntati,

73 535 157 612 Quae
170 533 292 610 Christo,
315 536 397 611 quasi
417 534 453 593 de
474 535 593 593 victoria
610 536 716 611 gratias
738 541 835 611 agens,
858 534 1031 613 cellamsibi
1045 534 1108 595 fieri

71 622 156 698 lecit,
182 623 212 680 in
234 638 291 697 qua
312 621 350 681 ab
371 620 515 696 Episcopo
542 620 639 679 velata
660 627 690 680 et
701 620 821 682 reclusa
832 618 868 701 ²),
895 624 950 697 ipsi
971 612 1108 681 solicola
1135 699 1136 703 Ἰ

72 709 145 768 satis
173 708 278 768 devote
296 703 317 788 ³)
350 725 401 783 per
434 707 494 767 dies
526 706 635 782 aliquot
666 710 792 767 servivit.
840 709 976 768 Invideas
1008 714 1107 768 tantae
1160 730 1162 738 ι

71 797 170 854 vlrtuti
198 793 342 868 diabolus,
373 796 460 853 variis
487 793 566 852 illam
594 795 797 854 tentationibus
827 797 1044 870 conquassavit,
1078 800 1107 853 ct

71 898 186 940 veneno
207 883 336 941 trIstitiac
356 882 511 940 innocuum
532 882 649 956 virginis
669 888 771 957 pectus
782 881 918 957 inficiens,
939 899 1040 941 sanam
1060 883 1107 938 in-
1147 921 1153 932 .

71 966 206 1027 firmavit
253 967 325 1026 Mox
351 967 402 1027 illa
433 968 527 1043 coepit
554 969 640 1026 variis
669 969 887 1044 cogitationibus
898 965 921 1048 ⁴)
952 968 1107 1042 fluctuare,

70 1057 103 1113 in
123 1054 181 1113 fide
201 1045 320 1129 nutare,¹
346 1053 382 1113 de
410 1056 622 1129 perseverantia
651 1053 811 1129 desperare.
853 1056 962 1115 Invasit
991 1071 1056 1114 eam
1078 1060 1110 1114 et
1158 1075 1161 1080 ·

72 1140 202 1207 detectus
224 1140 324 1215 cordis,
344 1140 474 1200 tabitudo
487 1143 621 1215 corporis,
641 1149 739 1217 torpor
759 1142 788 1199 in
810 1143 945 1216 oratione,
967 1140 1048 1201 dolor
1070 1140 1106 1200 de

70 1227 240 1289 reclusione.
281 1227 398 1286 Interim
419 1227 489 1286 dum
510 1228 551 1286 sic
563 1227 722 1303 periculose
743 1228 840 1304 puella
860 1234 982 1302 nutaret,
1002 1244 1107 1302 supra·

71 1313 167 1375 dicus
189 1313 291 1374 Abbas
320 1315 424 1373 ordinis
446 1313 654 1389 cisterciensis,
686 1316 767 1374 cuins
796 1332 881 1374 ornae
903 1315 940 1374 ab
961 1314 1106 1391 Episcopo
1135 1324 1137 1330 '

71 1403 227 1462 commissa
239 1400 338 1475 fuerat,
352 1402 520 1460 visitationis
531 1403 623 1476 gratia
636 1399 761 1476 advenit,
782 1407 812 1460 et
830 1401 973 1478 quomodo
988 1404 1107 1477 viveret,

71 1487 121 1548 vol
131 1486 274 1563 quomodo
281 1483 401 1547 liaberet
409 1483 593 1568 ⁵)inquisivit.
614 1487 844 1563 Responditilla:
857 1488 936 1548 Male
943 1490 1019 1562 vivo,
1029 1487 1106 1548 male

70 1573 165 1649 vdeo,
182 1581 211 1634 et
224 1592 312 1650 quare
322 1573 369 1634 vel
378 1580 494 1650 propter
508 1590 594 1651 quem
607 1574 654 1634 hic
665 1568 777 1634 reclusa
784 1572 805 1655 ⁶)
820 1577 882 1649 sim,
894 1591 1009 1650 prorsus
1020 1576 1105 1651 igno-

70 1677 114 1722 ro.
146 1660 200 1720 cur
217 1678 284 1721 cum
300 1659 402 1720 Abbas
414 1660 535 1720 diceret:
558 1660 679 1736 Propter
689 1661 785 1720 Deum
803 1665 832 1720 et
851 1668 967 1738 propter
985 1677 1106 1738 regnum

69 1747 231 1824 coelorum3
256 1743 337 1827 illa⁷)
359 1747 519 1823 respondit:
548 1746 618 1823 Quis
647 1749 716 1823 scit,
736 1750 762 1812 si
783 1747 864 1807 Deus
886 1750 923 1807 sit
933 1744 972 1828 ⁰),
1002 1749 1026 1806 si
1047 1749 1105 1807 sint

69 1852 140 1896 cum
164 1834 213 1895 illo
242 1832 348 1911 angeli,
375 1836 500 1909 animae,
528 1833 575 1893 vel
603 1851 723 1910 regnum
750 1833 916 1894 coelorum?
950 1833 1021 1910 Quis
1049 1835 1105 1894 ista

67 1919 164 1983 vidit?
185 1923 249 1997 quis
269 1920 336 1980 inde
356 1920 467 1980 rediens
487 1922 551 1979 visa
566 1921 648 1980 nobis
663 1920 876 1980 manifestavit?
897 1919 1106 1980 Huiuscemodi

67 2024 217 2070 semones
244 2014 277 2067 ut
297 2005 400 2067 Abbas
421 2006 545 2082 audivit,
573 2013 650 2066 totus
679 2010 863 2082 contremuit,
892 2024 1105 2084 conversusque

67 2094 110 2156 ad
135 2096 275 2173 vlrginem
296 2096 351 2153 aitr
381 2093 457 2170 Quid
479 2092 620 2170 estquod
647 2093 786 2170 loqueris,
814 2093 914 2154 soror?
945 2094 1034 2171 Signa
1055 2111 1105 2155 cor
1191 2099 1196 2104 “

66 2189 160 2243 tuum
202 2179 361 2258 Respondit
387 2180 449 2240 illa:
477 2180 540 2257 Ego
569 2181 670 2256 loquor
695 2184 769 2241 sicut
785 2179 859 2239 mihi
879 2181 1000 2240 videtur.
1042 2181 1104 2241 Nisi

67 2267 185 2328 videam
197 2270 261 2342 ista,
281 2285 339 2327 non
354 2264 476 2327 credam
496 2268 580 2343 Rogo
592 2274 626 2326 ut
642 2270 719 2327 sinas
730 2265 752 2348 ⁹)
764 2285 811 2327 me
826 2270 910 2343 exire,
927 2271 995 2343 quia
1008 2267 1104 2327 reclu-

66 2357 180 2416 sionem
200 2355 277 2415 hano
299 2353 404 2413 diutius
417 2355 556 2414 sustInere
577 2372 635 2414 non
652 2355 745 2414 valeo.
777 2355 859 2414 Tunc
873 2353 976 2415 Abbas
997 2354 1103 2414 intelli·

66 2458 140 2521 gens
156 2438 195 2522 ¹⁰),
217 2458 252 2501 cx
279 2442 451 2500 immissione
473 2440 578 2500 diaboli
604 2447 664 2501 tam
674 2444 851 2517 repentinam
874 2458 936 2501 esse
947 2443 1103 2518 tristitiam,

67 2534 100 2589 et
120 2545 163 2599 ex,
178 2529 291 2588 ubfifis
313 2526 549 2603 desperationem,
571 2529 625 2587 ait:
647 2527 740 2604 Soror,
761 2531 891 2588 inimicus
906 2528 1014 2604 gloriae
1035 2534 1103 2588 tuae

69 2615 217 2691 invidens,
238 2613 396 2691 Penculose
417 2621 447 2675 te
468 2620 568 2689 tentat,
589 2620 622 2673 tu
643 2620 688 2674 sta
708 2618 737 2672 in
758 2614 824 2691 tide,
845 2615 961 2674 viriliter
982 2631 1051 2691 age,
1074 2620 1104 2674 et

66 2703 244 2763 conlonetur
258 2718 307 2761 cor
321 2708 410 2778 tuum,
433 2707 462 2761 et
474 2703 581 2761 sustine
593 2699 751 2760 Dominum
765 2699 804 2782 ¹¹).
824 2699 935 2760 Amicis
949 2707 978 2760 et
992 2718 1102 2776 cogna-

65 2791 104 2849 tis
133 2788 407 2863 contradicentibus,
445 2793 478 2847 tu
512 2793 642 2847 sanctam
678 2788 752 2848 hanc
782 2788 891 2864 elegisti
929 2790 1032 2863 vitam,
1069 2794 1103 2847 tu

64 2878 153 2936 isram
174 2874 341 2935 desiderasti
361 2872 557 2935 reclusionem.
591 2873 672 2950 Quae
695 2892 760 2935 cum
783 2874 870 2934 surda
890 2891 959 2934 aure
980 2891 1103 2934 monen-

65 2963 104 3022 ὼ
132 2967 162 3022 et
188 2962 362 3022 exhortantis
383 2962 473 3021 verba
499 2963 673 3037 perciperet,
705 2963 819 3040 rogavit
840 2978 904 3021 eam
924 2959 1041 3037 Abbas,
1069 2968 1103 3021 nt

65 3048 170 3110 saltem
203 3055 313 3125 septem
345 3047 446 3108 dicbus
476 3049 517 3109 ibi
548 3051 714 3124 sustineret,
753 3049 844 3108 donec
876 3048 914 3108 ad
946 3048 1102 3108 claustrum

65 3139 129 3196 iens
157 3140 188 3196 et
214 3136 342 3208 rediens,
375 3135 469 3194 denuo
499 3153 563 3195 eam
590 3137 727 3196 visitaret.
773 3135 858 3212 Quod
886 3141 919 3193 ut
950 3137 1102 3211 promitte·

66 3228 112 3283 rot
138 3239 206 3283 oum
233 3225 282 3281 vix
313 3222 498 3297 obtinuisset,
526 3222 578 3282 ad·
596 3224 800 3281 monasterium
832 3239 954 3299 pergens
985 3223 1102 3297 pericn-

65 3308 127 3369 lum
148 3310 265 3386 virginis
286 3309 420 3368 iratribus
441 3311 587 3385 exposuit,
615 3315 644 3368 et
672 3315 705 3367 ut
725 3311 869 3369 orationes
890 3309 1028 3384 speciales
1049 3326 1101 3384 per

65 3394 280 3459 hebdomadam
311 3413 364 3471 pro
395 3395 445 3456 illa
476 3396 580 3456 devote
611 3395 649 3455 ad
681 3395 778 3455 Deum
810 3395 973 3471 funderent,
1007 3397 1101 3456 omni·

84 3531 116 3602 i)
133 3527 176 3583 sc
192 3527 242 3582 add
263 3529 404 3583 Christo.
424 3559 455 3569 —
478 3529 512 3598 2)
530 3529 551 3584 G
573 3529 708 3582 inclusa.
728 3559 758 3569 -
778 3528 848 3597 3)G
870 3529 993 3583 devota.
1015 3559 1049 3568 -
1068 3529 1101 3598 4)

133 3598 514 3653 consenescentes-
534 3599 566 3666 5)
583 3599 604 3654 G
621 3615 655 3650 se
672 3598 908 3667 haberet—6)
926 3599 946 3651 Β
964 3599 1099 3651 inclusa.

135 3698 168 3710 -
186 3669 220 3738 ⁷)
236 3668 257 3722 B
275 3670 393 3722 iterum
410 3669 484 3734 illu,
507 3669 669 3723 Grursum
694 3668 760 3721 illa.
780 3698 811 3709 -
830 3670 847 3721 8
881 3669 922 3722 BC
940 3670 983 3721 sit
1000 3669 1099 3732 Dcus3

134 3737 211 3807 paulo
227 3746 287 3807 post
302 3738 323 3792 B
340 3753 408 3791 curn
426 3754 479 3806 co,
495 3737 516 3792 ὓ
533 3753 601 3790 curn
618 3739 698 3805 ipso.
718 3768 749 3779 -
768 3739 801 3808 9)
862 3737 901 3792 ΟΡ
919 3739 1046 3813 sinatis.
1066 3767 1097 3778 -·

135 3808 185 3879 10)
200 3806 223 3864 ὓ
238 3823 452 3880 cognoscens.
475 3838 506 3849 -
527 3807 576 3876 11)
593 3806 657 3860 Pscl.
675 3807 719 3874 26,
738 3808 778 3861 14.
