2438 4170
406 80 465 172 'nn
485 107 756 173 nnunonrnos.
1000 136 1002 141 -
1037 108 1099 170 aar

88 238 129 298 ier
145 227 297 293 bummodi
321 231 554 309 phantasmatum
574 232 705 294 horrores
733 229 912 293 dulcedinem
931 226 989 311 in')
1017 232 1101 292 nobis

88 317 218 395 ostngut
245 321 389 380 orationis
430 319 512 380 Haec
533 319 603 378 mihi
624 318 701 379 dicta
720 324 789 379 sunt
808 336 828 378 a
856 325 1101 395 supramemorato

43 410 46 415 '
86 392 230 466 Hermanno
250 405 383 481 Abbate,
404 422 516 466 necnon
537 413 567 467 et
586 405 716 467 Walters
738 405 879 474 monacho
902 405 938 466 de
959 404 1101 480 Birbech,

86 487 126 558 lli
143 490 177 551 illi
195 491 347 553 familiares
360 493 481 553 luerunt
512 492 635 570 Reliqua
656 495 717 554 eius
731 500 796 554 acta
818 499 848 553 et
858 494 985 587 bistones
1001 491 1101 554 audies

84 566 108 629 ie
125 574 294 641 disbuctions
314 582 445 657 septima

422 873 655 975 CAPITULUM
678 874 747 935 VH.

133 1032 178 1092 De
198 1030 398 1106 doemmsibca
420 1035 472 1109 qui
493 1034 547 1092 oiri
567 1038 639 1092 aunt
659 1030 837 1110 Mogonticc
857 1036 890 1093 ιιι
910 1031 1038 1110 superbo
1100 1104 1102 1108 ¹

466 1126 544 1180 veste
563 1118 702 1196 ferinae.

132 1273 239 1334 Retulit
265 1273 336 1333 mihi
364 1274 481 1352 quidam
511 1253 588 1336 civis*
602 1275 753 1352 honestus,
783 1257 914 1335 asserens
942 1277 1001 1334 suis
1027 1281 1103 1335 tem-

76 1362 182 1437 poribus
203 1360 386 1439 Maguntiae,
414 1365 440 1422 si
461 1364 535 1423 bene
556 1365 687 1439 memini,
715 1362 772 1423 hoc
793 1362 871 1438 quod
893 1362 1018 1422 dictums
1038 1379 1104 1422 sum

77 1450 220 1525 configissc
242 1451 380 1511 veraciter
391 1445 422 1529 ²).
464 1449 520 1510 Die
543 1450 668 1525 quadam
688 1450 856 1524 Dominica,
885 1447 984 1529 cum⁸)
1005 1466 1104 1509 sacer-

76 1532 121 1595 dos
139 1537 170 1594 in
191 1533 328 1610 ecclesia
342 1538 423 1596 cuius
445 1543 506 1597 erat
526 1537 681 1614 plebanus,
706 1538 844 1611 circuiret,
865 1541 895 1595 et
915 1553 992 1611 aqua
1012 1536 1104 1595 bene·

74 1619 144 1683 dicta
163 1622 302 1699 populum
317 1629 489 1700 aspergeret,
511 1624 548 1682 ad
570 1626 674 1683 ostium
692 1622 830 1684 ecelesiae
847 1624 973 1697 veniens,
994 1627 1104 1682 matro-

71 1724 134 1769 nam
155 1707 301 1784 quandam
312 1712 475 1786 pompatice
491 1713 661 1786 venientem,
682 1716 712 1770 et
732 1709 770 1769 ad
784 1709 996 1768 similitudinem
1010 1725 1104 1785 pavo-

70 1796 112 1856 nis
130 1798 218 1855 variis
246 1799 420 1856 ornamentis
448 1799 555 1873 pictam
577 1796 691 1857 obviam
713 1797 829 1872 habuit,
857 1799 887 1855 in
909 1798 989 1856 cuius
1011 1795 1105 1876 cauda

44 1872 300 1944 xvcsfimeutorum
309 1879 341 1963 4)
363 1901 450 1959 quam
463 1884 596 1944 trahebat
616 1890 682 1960 post
702 1901 734 1944 se
749 1883 952 1960 longissimam,
973 1883 1104 1943 multitu-

68 1968 163 2030 ‹linem
191 1967 363 2029 daemonum
391 1971 514 2031 residere
544 1973 699 2047 conspexit
746 1970 837 2029 Erant
824 1972 938 2031 tenim
963 1973 1045 2047 parvi
1072 1977 1105 2031 ut

65 2054 159 2135 glires,
180 2056 254 2133 nigri
275 2058 348 2116 sicut
364 2056 541 2134 Aethyopes,
562 2074 611 2117 ore
633 2058 805 2118 cachinnant
793 2064 845 2133 tes,
866 2059 998 2117 manibus
1019 2057 1105 2135 plau-

66 2140 176 2218 dentes,
197 2149 227 2204 et
246 2144 320 2203 sicut
340 2145 434 2219 pisces
454 2147 527 2203 intra
548 2162 686 2222 sagenam
707 2144 834 2206 conclusi
855 2144 1001 2205 saltantes.
1042 2145 1104 2206 Re·

65 2247 137 2291 vera
157 2235 274 2289 ornatus
294 2230 439 2291 muliebris
460 2249 568 2309 sagena
596 2231 703 2292 diaboli
724 2238 776 2292 est
826 2231 911 2308 Quod
924 2230 944 2312 ὅ)
966 2238 999 2290 ut
1019 2232 1104 2307 vidit,

65 2316 240 2378 daemonum
254 2317 421 2394 quadrigam
442 2318 510 2379 foris
531 2327 698 2395 exspectare
711 2320 792 2395 lecit3
814 2319 929 2395 plebem
942 2318 1104 2394 advocarit,

64 2402 222 2465 daemones
242 2420 279 2463 ne
303 2404 434 2480 fugerent
454 2406 604 2466 adiuravit.
646 2407 757 2466 Territa
777 2405 826 2464 illa
847 2408 933 2481 stetit,
955 2412 984 2465 et
1004 2411 1037 2463 ut
1057 2408 1103 2465 vi-

63 2492 161 2552 siones
174 2489 298 2568 populus
312 2491 584 2569 videremereretur,
606 2495 674 2569 quia
694 2493 845 2552 virbonus
866 2509 901 2551 ac
921 2495 1013 2551 iustus
1033 2491 1104 2568 fuit,

63 2578 244 2639 orationibus
278 2578 408 2638 obtinuit
465 2579 630 2657 intelligens
662 2579 764 2639 mulier
797 2578 834 2639 ob
870 2581 1104 2639 vestimentorum

63 2664 231 2742 superbiam
260 2666 302 2724 sic
329 2683 360 2725 se
389 2683 408 2725 a
435 2665 622 2727 daemonibus
651 2666 754 2727 derisui
782 2662 958 2746 habitam⁶),
987 2665 1105 2726 domum

63 2751 164 2826 rediit,
195 2753 368 2812 vestimenta
387 2755 524 2828 mutavit,
557 2760 586 2813 et
606 2760 667 2813 tam
686 2756 740 2830 ipsi
762 2769 850 2829 quam
872 2755 972 2812 ceteris
993 2753 1105 2813 leminis

64 2836 168 2899 eadem
197 2840 271 2898 visio
298 2842 411 2899 occasio
439 2840 517 2900 facta
545 2846 589 2900 est
616 2839 790 2900 humilitatis.
839 2837 1040 2901 Novlows:
1072 2839 1104 2900 Si

62 2930 110 2986 tot
130 2929 198 2985 sunt
219 2925 381 3002 daemones,
403 2927 452 3003 qui
472 2944 525 2986 nos
538 2929 657 2987 miseros
678 2928 808 2987 homines
828 2928 964 3004 instigant
984 2928 1023 2986 ad
1040 2928 1104 2987 eul-

63 3030 144 3091 pam,
163 3018 234 3088 puto
256 3014 325 3088 quia
341 3013 423 3072 multi
444 3020 534 3089 erunt,
556 3017 605 3091 qui
622 3017 830 3075 eonsentientes
846 3013 959 3073 trahent
979 3015 1017 3074 ad
1030 3031 1104 3090 poe-

63 3116 142 3161 nam
184 3097 420 3162 MONACHUS:
446 3101 493 3162 De
520 3101 577 3162 hoc
605 3105 697 3179 magis
724 3097 786 3179 ιιι)
807 3102 944 3174 instruan
967 3101 1103 3179 exemplis

65 3203 155 3265 quam
174 3187 280 3248 verbis

86 3548 638 3619 1)incmBG.-2)Bcecracrtcr
664 3547 1102 3621 conregnate-epotum.

137 3646 170 3658 -
196 3619 289 3742 41))Βῦ
323 3624 592 3676 vestimentorum
620 3621 778 3675 cauda.-
807 3623 839 3692 5)
807 3620 930 3676 5le
957 3635 1100 3690 quos-

137 3688 170 3756 6)
187 3687 210 3740 Α
232 3688 339 3744 Posse
357 3690 557 3746 derisam.-
527 3693 609 3764 -72
627 3692 667 3746 BP
684 3700 716 3745 te
733 3693 843 3762 magis.
