2438 4170
394 255 450 316 DE
472 254 757 317 CONVERSIONE.
913 204 916 211 ·
1048 256 1089 316 23

52 383 175 440 sauctus
202 377 365 439 Bernartius
398 378 576 455 praedicaret
612 396 726 438 crucem
753 379 784 436 in
812 376 946 436 Dloecesi
961 372 979 458 ¹)
1012 375 1091 437 Gon·

54 467 219 549 stentiensi,
243 469 361 543 contigit
382 467 504 526 eundem
525 465 682 525 Henricum
701 468 839 524 interesse
860 466 992 524 sermoni.
1035 463 1092 541 Qui

55 559 228 614 cumesses
253 554 340 612 homo
368 554 448 613 dives
471 559 499 612 et
519 558 637 628 potens,
668 552 759 611 multa
790 552 900 611 habens
923 558 1030 626 castra,
1062 556 1092 611 et
1161 615 1162 618 ,

57 658 126 700 cum
157 639 257 699 divitiis
289 639 400 699 infinita
429 643 561 715 crimina,
584 657 714 699 sermone
735 641 788 698 viri
810 639 867 698 Dei
889 644 1092 714 compunctus,

57 729 98 788 ait
120 725 162 785 ad
180 723 322 806 ipsum²):
344 728 476 803 Domine,
498 729 521 785 si
542 744 600 795 pon
622 732 739 785 terreret
760 743 806 784 me
827 725 877 784 illa
898 725 1092 797 consuetudo,

58 831 149 890 quarn
169 813 293 873 intellexi
315 832 377 873 esse
399 817 428 872 in
446 814 544 873 ordine
564 820 660 872 vestro
673 811 703 893 ³),
724 814 832 872 scilicet
853 813 931 888 quod
945 815 1092 881 vanientes

57 900 98 961 ad
118 916 175 959 vos
201 900 390 960 indifferenter
418 900 455 959 ad
485 901 612 959 diversas
641 903 767 959 emittitis
788 903 932 976 regiones,
962 916 1015 975 ego
1044 913 1092 957 me

58 987 146 1048 vobis
166 987 312 1046 redderem
333 991 362 1046 in
376 990 547 1049 ¹continenti.
579 987 632 1046 Cui
646 989 690 1045 vir
711 994 826 1046 sanctus
848 986 1007 1061 respondit:
1028 985 1092 1061 Ego

58 1074 115 1134 sub
140 1073 348 1133 conditionate
370 1092 427 1133 non
449 1077 598 1150 recipiam3
621 1073 672 1133 sed
692 1074 748 1132 hoc
776 1075 827 1132 tibi
848 1075 997 1149 promitto,
1026 1074 1094 1148 quia

59 1162 137 1220 siin
161 1159 315 1220 Olaravalle
345 1161 502 1220 monachus
523 1162 622 1235 lueriS,
655 1162 694 1219 ibi
715 1164 851 1219 morieris.
899 1160 1008 1219 Audito
1036 1158 1093 1218 hoe

60 1247 167 1321 verbo,
195 1265 260 1306 mox
281 1265 312 1307 se
333 1248 471 1323 reddidit,
500 1248 649 1323 factusque
672 1254 716 1307 est
736 1250 874 1323 interpres
896 1247 1035 1321 Abbatis,
1058 1262 1093 1305 eo

60 1332 142 1409 quod
162 1335 331 1410 inutraque
351 1334 463 1412 lingua,
487 1334 597 1394 Gallica
619 1335 750 1394 videlicet
772 1342 801 1393 ct
822 1334 994 1408 Teutonico,
1016 1331 1093 1390 mul-

59 1427 124 1480 tum
145 1420 216 1479 foret
237 1421 393 1497 expeditus.
442 1422 550 1482 Videns
573 1422 628 1481 hoc
651 1422 767 1497 quidam
793 1422 964 1480 ballistarius
993 1436 1094 1479 servus

60 1510 139 1581 eius,
161 1506 245 1566 homo
268 1508 390 1568 crudelis
413 1516 441 1568 et
462 1526 568 1585 pronus
589 1508 628 1567 ad
648 1507 824 1567 fundendum
845 1510 1026 1584 sanguinem,
1047 1507 1094 1565 ni·

59 1596 115 1653 mis
138 1593 174 1652 de
188 1597 371 1654 conversione
386 1591 523 1674 dominil)
545 1597 684 1669 turbatus,
705 1595 794 1654 telum
808 1596 938 1653 ballistae
951 1595 1095 1669 imposuit,

59 1688 93 1741 ut
114 1687 247 1740 sanctum
266 1681 413 1741 Abbatem
441 1683 544 1742 feriret.
593 1682 753 1757 Statimque
785 1683 822 1741 ab
853 1681 955 1756 angelo
977 1680 1095 1739 Domini

59 1784 229 1845 percussus,
260 1775 414 1828 retrorsum
437 1769 552 1843 cecidit,
586 1774 614 1827 et
642 1771 804 1845 exspiravit.
856 1768 904 1826 De
933 1769 1013 1826 cuius
1035 1772 1095 1826 tam

60 1857 211 1930 repentina
237 1861 329 1938 morte
357 1856 498 1916 Henricus
519 1859 646 1928 territus,
675 1862 703 1914 et
732 1858 855 1913 maxime
878 1853 1094 1930 deperditione

59 1944 176 2001 animae
198 1945 392 2017 contristatus,
425 1946 517 2002 sciens
538 1942 663 2001 Abbatis
691 1945 872 2001 sanctitatem
901 1947 929 2000 et
956 1942 1095 2017 insignis

59 2029 234 2104 potentiam,
266 2029 368 2088 cecidit
395 2029 433 2088 ad
460 2030 549 2105 pedes
577 2032 652 2102 eius,
683 2029 826 2088 humiliter
855 2035 884 2087 et
916 2046 982 2088 cum
1003 2028 1095 2088 multa

59 2116 197 2173 instantia
224 2116 402 2192 supplicans,
435 2123 575 2190 quatenus
603 2119 738 2175 miserum
767 2116 802 2174 de
833 2116 964 2175 saucibus
991 2116 1093 2174 inferni

60 2202 225 2261 suscitando
245 2203 386 2262 liberaret.
430 2203 605 2279 Compassus
626 2206 670 2262 vir
691 2205 793 2263 beatus
815 2211 875 2262 tam
895 2206 980 2262 unius
1002 2202 1093 2261 dolori

60 2305 150 2365 quam
170 2289 284 2348 alterius
305 2290 468 2365 perditioni,
501 2292 581 2350 flexis
608 2292 729 2366 genibus
750 2290 846 2349 Deum
877 2308 941 2349 cum
969 2291 1093 2349 lacrimis

60 2378 204 2450 exoravit,
226 2382 253 2434 et
273 2384 416 2435 mortuum
438 2376 555 2437 celerius
576 2380 733 2436 suscitavit.
788 2377 843 2452 Qui
865 2379 1033 2451 suscitatus,
1054 2374 1093 2436 ad

58 2464 224 2523 suscitantis
244 2463 333 2539 pedes
355 2461 506 2543 corruit⁵)‚
530 2471 558 2523 et
579 2471 611 2522 ut
633 2481 663 2523 se
685 2467 714 2522 in
737 2481 906 2523 conversum
928 2466 1093 2538 susciperet,

60 2565 128 2609 eum
148 2549 245 2608 multis
266 2553 394 2626 suspiriis
415 2553 524 2626 petivit.
568 2551 621 2608 Cui
642 2552 685 2609 vir
706 2558 822 2610 sanctus
844 2550 1004 2626 respondit:
1025 2550 1092 2610 Scio

60 2635 140 2712 quod
161 2636 327 2696 naturaliter
347 2644 496 2713 protervus
517 2639 556 2696 sis
577 2655 612 2696 ac
632 2637 775 2711 distortae,
797 2655 850 2696 noc
873 2636 988 2713 expedit
1007 2641 1040 2694 ut
1054 2638 1092 2694 sis

58 2723 133 2782 inter
154 2722 316 2800 religiosos3
338 2724 389 2782 sed
410 2725 476 2784 volo
499 2730 531 2782 ut
552 2743 666 2784 crucem
688 2727 835 2799 suscipias,
855 2741 935 2783 mare
956 2730 1093 2798 transeas,

59 2804 122 2890 et⁶)
154 2826 219 2869 oum
240 2809 403 2870 Sarracenis
426 2812 603 2887 confligendo
632 2814 712 2870 citius
733 2811 847 2869 finiaris.
889 2811 927 2868 Et
947 2811 1014 2870 fecit
1035 2811 1093 2884 sic,

59 2913 179 2957 crucem.
197 2900 323 2973 accepit,
348 2916 427 2957 mare
448 2901 589 2973 transivit,
619 2916 684 2957 cum
712 2899 833 2957 inimicis
860 2899 951 2958 erucis
973 2897 1093 2957 dimica-

58 2985 108 3059 vit,
130 2985 211 3043 etin
239 2985 374 3044 conflictu
400 2991 518 3044 necatus
540 2984 578 3043 ad
598 2986 695 3044 Deum
708 2982 727 3065 ²)
756 2988 897 3062 migravit.
919 3019 960 3028 -
982 2984 1094 3044 Eodem

59 3075 190 3146 tempora
216 3071 318 3130 mulier
346 3071 489 3147 quaedam
514 3071 673 3148 paralytica
701 3071 834 3131 clamavit
861 3077 928 3148 post
948 3071 1094 3131 hominem

58 3155 125 3232 Dei,
147 3159 298 3217 sanitatem
319 3158 356 3218 ab
380 3155 447 3238 eol)
469 3159 629 3236 postulaus;
653 3166 682 3218 et
703 3176 768 3218 cum
789 3161 871 3234 sequi
891 3176 950 3217 non
970 3158 1093 3234 valeret,

58 3244 116 3305 lam
139 3246 216 3303 enim
236 3251 444 3322 praecesserat,
472 3249 604 3306 misertus
633 3245 708 3306 illius
729 3245 871 3306 Hauricus
899 3245 1008 3306 levavit
1028 3263 1093 3306 cam

77 3482 108 3553 1)
127 3480 150 3535 G
167 3480 376 3550 Episcopatu.
396 3513 426 3524 -
445 3483 478 3551 2]
496 3483 516 3535 B
535 3482 573 3535 ad
591 3499 673 3549 eum,
690 3483 711 3536 c
728 3484 771 3548 ei;
789 3499 847 3535 mox
865 3481 905 3534 ΒΡ
923 3483 949 3534 si
967 3499 1013 3535 me
1030 3499 1093 3536 non

129 3560 280 3605 terreret.
295 3553 403 3621 -3)c
421 3569 510 3622 quarn
528 3555 559 3604 in
578 3553 691 3605 ordine
709 3562 822 3606 vestro
840 3551 1042 3605 intellexi-
1060 3554 1093 3621 4)

127 3618 799 3688 GPdominiconversione;modeolens
819 3622 1040 3689 proturbatus.
1060 3652 1089 3663 -

129 3691 165 3758 5)
182 3689 203 3743 B
220 3690 256 3742 nd
279 3695 472 3746 suscitantis
496 3695 623 3745 corruit
646 3693 760 3762 pedes,
778 3693 798 3745 O
815 3692 852 3744 ad
871 3692 971 3761 pedes
990 3693 1093 3745 susci-

129 3759 234 3811 tantis
245 3764 380 3886 tputruit.
396 3793 426 3804 -
446 3764 477 3833 6)
495 3763 536 3816 ΒΡ
553 3771 638 3816 ut-
657 3765 689 3834 7]
707 3763 748 3818 Bc
765 3763 940 3837 oontpun.
959 3793 991 3804 —
1007 3763 1046 3831 ἣ
1060 3759 1102 3812 ὼ
1168 3764 1173 3772 ¹

130 3843 171 3882 oo
188 3843 230 3882 om
265 3869 272 3885 .
