2460 4162
97 234 159 299 166
420 232 649 298 DISTINOTIO
666 234 816 298 TERTIA

424 426 657 488 CAPITULUM
676 414 804 488 XLVH.

97 545 187 626 Quod
205 545 356 624 confessos
376 565 439 608 coa
461 548 543 608 debet
565 549 601 608 de
621 552 729 625 innotis
747 551 875 625 poecoib
897 550 1089 627 incubuere,
1110 526 1166 611 ce·

251 635 414 712 coenulam
437 636 472 695 de
491 639 606 712 sisoius
626 639 659 695 in
679 637 733 695 hoe
754 636 967 696 scandalizato.

158 788 248 866 Virgo
271 788 413 865 quaedam
433 790 567 867 religiosa
593 793 624 849 in
644 791 774 866 partibus
794 791 968 851 Brabantise
988 787 1140 851 sacerdoti

96 875 210 938 cuidam
223 877 429 937 consessionem
446 878 521 937 fecit,
556 877 618 954 Ille,
639 881 713 937 sicut
732 878 905 953 imprudens,
925 879 1042 937 incauto
1065 893 1140 939 coo·

95 965 138 1042 pit
159 966 360 1023 conscientiam
394 967 455 1023 eius
476 964 587 1039 fodere,
615 963 645 1023 id
667 971 724 1039 est,
753 963 789 1023 de
811 963 984 1041 quibusdam
1002 965 1139 1040 peccatis

94 1053 208 1128 ignotis,
230 1067 303 1127 quae
316 1068 463 1126 nunquam
475 1051 582 1110 fecerat
602 1050 650 1111 vel
671 1051 808 1126 audierat,
828 1053 1010 1128 interrogare.
1049 1050 1139 1128 Quae

94 1154 163 1197 mox
184 1137 220 1197 de
235 1136 342 1197 eisdem
357 1140 483 1213 peccatis
507 1139 600 1213 coepit
621 1141 732 1213 tantan,
754 1144 782 1197 et
802 1134 859 1218 in1)
882 1144 994 1197 nutum
1011 1138 1140 1215 trubari,

95 1230 129 1284 ut
150 1223 256 1284 diceret
277 1224 432 1283 sacerdoti:
453 1223 532 1283 Male
554 1224 661 1284 habeat
681 1230 768 1300 caput
788 1230 924 1299 vestrum,
946 1223 1025 1300 quod
1045 1223 1139 1286 hodie

95 1310 199 1372 fecistis
220 1311 290 1368 mihi
311 1311 413 1369 horum
433 1314 615 1370 mentionem,
656 1311 710 1386 Et,
740 1313 815 1371 sicut
834 1311 916 1371 alteri
935 1316 1039 1388 postea
1061 1327 1138 1371 con·

95 1397 172 1457 fessa
200 1403 245 1457 est
272 1397 427 1473 sacerdoti,
456 1415 513 1457 non
546 1399 606 1457 sine
634 1400 765 1456 maximis
791 1397 939 1458 laboribus
962 1397 1000 1456 ab
1023 1396 1139 1459 ebdom

95 1486 222 1560 peccatis
256 1481 316 1564 se²)
346 1487 493 1544 continuit,
541 1484 588 1543 Ita
619 1484 768 1544 fodiendus
796 1491 840 1544 est
867 1485 975 1560 paries,
1005 1501 1045 1544 ne
1077 1483 1138 1547 do-

94 1588 160 1631 mus
199 1570 359 1646 deiiciatm,
397 1574 438 1632 sic
468 1569 631 1647 quaerenda
639 1568 660 1651 ³)
688 1570 767 1631 idola
797 1572 851 1631 sub
881 1571 1061 1647 stramentis,
1099 1577 1139 1632 ut

95 1658 313 1718 tabernaculum
339 1676 398 1718 non
420 1665 571 1719 evertatur.
623 1657 720 1717 Debet
742 1664 839 1718 tamen
870 1658 1014 1718 consessor
1046 1656 1138 1721 valde

96 1762 160 1806 esse
181 1744 318 1804 sollicitus
335 1745 371 1805 de
391 1748 517 1822 peccatis
539 1746 593 1805 sibi
615 1747 845 1819 commissorum,
868 1761 977 1821 eosque
996 1743 1036 1804 ad
1059 1761 1137 1807 eon-

95 1831 248 1893 fessionem
267 1849 425 1909 provocare
446 1839 507 1892 tam
527 1832 617 1892 verbo
625 1826 648 1913 ⁴)
671 1849 759 1908 quam
780 1831 920 1908 exemplo.

421 2124 653 2186 CAPITULUM
674 2125 815 2186 XLVHI.

111 2264 160 2324 Dc
180 2263 302 2337 Abbotc,
324 2268 376 2340 qui
397 2230 525 2326 aiterum
545 2228 690 2323 Abboicm
712 2281 767 2323 suo
789 2263 920 2340 exemplo
940 2267 1119 2340 prouocauit

473 2351 515 2408 od
535 2351 751 2427 confessionem.

1 2576 3 2581 Ι
161 2504 265 2566 Abbas
287 2504 404 2580 quidam
415 2476 520 2565 ordinis
541 2508 630 2565 nostri
648 2508 720 2565 seire
741 2504 841 2565 volens
863 2506 1069 2566 conscientiam
1089 2504 1137 2567 ul·

96 2594 185 2653 terius
207 2592 354 2651 cuiusdam
375 2592 499 2652 Abbatis
520 2592 571 2650 filii
599 2595 658 2668 sui,
690 2594 764 2652 sicut
784 2593 822 2652 ab
852 2594 914 2653 eius
942 2609 992 2652 ore
1019 2592 1138 2671 audivi,

97 2678 259 2756 generalem
285 2679 327 2753 iili
359 2679 395 2738 de
427 2682 552 2754 peccatis
581 2682 640 2739 suis
668 2680 735 2739 iecit
763 2679 977 2740 confessionem.
1018 2678 1138 2740 Deinde

1 2762 3 2769 '
98 2767 183 2826 dixit:
210 2766 335 2825 Domine
356 2765 474 2842 Abbas,
496 2769 594 2826 sivos
615 2767 722 2843 aliquid
743 2766 829 2825 vultis
851 2767 960 2840 dicere,
979 2762 1137 2847 libentcr‘)

98 2853 222 2915 audiam.
257 2853 475 2913 Verecundatus
496 2853 552 2928 ille,
564 2854 709 2913 confessus
724 2858 768 2913 est
789 2855 815 2912 ei
827 2869 912 2912 versa
928 2854 991 2912 viee
1012 2859 1138 2929 peecata

98 2957 152 3000 sua
164 2945 263 3000 eontra
284 2943 469 3015 propositum,
489 2947 661 3014 provocatus
682 2941 756 2999 illius
778 2938 908 3014 exemplo
930 2939 1022 3014 maglo
1044 2955 1156 3015 quam-

98 3027 198 3088 verbo.
250 3026 315 3085 Non
343 3029 418 3086 enim
446 3028 596 3086 tenebatur
625 3030 650 3087 ei
679 3026 813 3086 confiteri.
861 3023 1065 3085 Novlcius:
1093 3024 1138 3087 Ut

98 3114 198 3188 video,
225 3113 376 3188 prudentia
405 3113 613 3173 consessoribus
634 3117 702 3173 satis
724 3120 768 3172 est
788 3113 956 3173 necessaria.
998 3109 1137 3185 MONA·

100 3199 217 3260 GHUS:
245 3199 311 3260 Hoc
338 3200 459 3276 amplius
488 3201 517 3258 in
547 3199 675 3260 subiecto
705 3200 839 3275 probabis
865 3197 1004 3274 exemplo.
1047 3197 1138 3276 Quod

99 3293 196 3347 autem
211 3286 337 3346 dicturus
354 3305 426 3361 sum,
444 3287 529 3346 didici
550 3305 568 3346 a
590 3289 715 3362 quodam
735 3285 892 3347 venerabili
903 3286 1052 3346 sacerdote
1075 3282 1136 3367 (η’)

99 3374 197 3433 Priore
219 3373 325 3433 ordinis
346 3373 643 3434 Praemonstratensis.

119 3662 150 3732 1)
167 3664 198 3714 in
224 3662 273 3714 add
296 3662 346 3718 Bc.
366 3692 396 3702 -
424 3663 457 3732 2)
482 3663 504 3715 D
531 3680 565 3716 se
590 3664 748 3732 peccatis.
769 3692 799 3702 -
827 3664 859 3731 3]
877 3663 917 3717 GP
942 3662 1137 3732 quaerenda

169 3741 252 3785 sunt.
270 3762 303 3772 -
329 3733 362 3801 4)
379 3732 399 3784 Β
418 3732 456 3785 de
482 3734 596 3800 verbo,
621 3723 777 3788 Prerbis.
797 3760 827 3773 -
856 3734 888 3802 5)
905 3733 926 3787 0
943 3747 1004 3802 ego
1030 3731 1137 3785 liben-

169 3810 229 3855 ter.
249 3831 280 3841 -
299 3802 331 3872 6)
349 3811 381 3854 ct
399 3817 440 3854 om
457 3802 486 3855 11.
