2438 4170
422 234 478 295 DE
501 232 778 296 CONFESSIONE.
900 324 905 337 ι
1056 232 1117 295 lid

420 390 651 454 OAPITULUM
671 391 782 452 XLVI.

95 486 144 551 Dc
163 495 285 555 malim
305 497 339 555 itt
360 495 538 572 wofecaone
558 515 588 556 cc
608 497 789 573 testificante,
819 497 867 554 oui
881 493 1015 570 prodeo
1036 510 1108 554 cotta

208 581 304 659 fateor
325 583 449 643 ostendit
464 585 559 660 plura
579 585 721 643 mortalia
737 589 862 660 peccota
882 580 996 640 dobere.
1096 598 1101 605 ·

154 700 385 764 MONAOHUS:
419 703 605 764 Hermannus
631 700 767 764 Decanus
793 705 968 778 Bonnensis,
1004 698 1120 778 quando

101 782 227 857 plebanus
247 790 300 848 fuit
320 789 399 867 apud
409 787 426 871 ¹)
448 798 579 850 sanctum
600 791 756 851 Martinum
776 793 807 850 in
828 790 961 865 Colonia,
982 790 1061 849 venit
1082 785 1121 846 ad

108 884 162 933 tum
177 875 274 936 mulier
284 877 426 953 quaedam
438 883 565 954 tempore
580 868 817 955 quadragesimali
830 884 951 954 peccata
972 893 1026 936 sua
1047 891 1120 934 con·

110 953 175 1020 lteri.
211 963 344 1023 Flecteris
358 981 455 1023 coram
476 981 511 1024 eo
531 982 633 1041 genua,
655 966 790 1042 quicquid
812 981 843 1023 se
864 966 935 1024 boni
954 963 1122 1023 meminerat
1166 1018 1171 1027 ,

114 1050 277 1125 anmnnse,
305 1052 401 1127 coepit
428 1067 606 1127 enumerare,
633 1058 662 1110 et
690 1069 756 1111 oum
776 1052 931 1111 Pharisaeo
955 1048 1119 1126 evangelico

116 1130 240 1197 lttdficm
261 1153 307 1213 se,
335 1137 446 1197 dicens:
467 1136 600 1213 Domine,
621 1136 665 1198 t'ot
686 1140 773 1198 sextis
794 1139 869 1197 seriis
891 1137 969 1197 soleo
991 1154 1043 1212 per
1065 1153 1120 1194 an-

71 1270 75 1309 ,
117 1223 202 1281 nunin
219 1239 294 1299 pane
315 1231 346 1284 et
362 1242 439 1300 aqua
458 1227 596 1300 ieiunare,
614 1224 809 1302 eleemosynas
831 1242 911 1284 meas
928 1224 1005 1298 dare,
1027 1221 1122 1281 eccle·

71 1318 77 1361 t
118 1304 405 1389 contrementem,
430 1317 458 1371 et
478 1312 570 1370 multa
589 1313 619 1369 in
639 1312 724 1371 hunc.
737 1310 863 1371 modum.
907 1310 961 1371 Cui
981 1308 1122 1387 plebanus

71 1374 78 1463 l
119 1388 182 1452 dixit:
199 1394 245 1456 Ad
265 1396 342 1473 quid,
364 1397 486 1472 domina
507 1396 646 1457 venistis?
668 1398 814 1474 Numquid
832 1415 884 1474 pro
905 1401 967 1457 istis
989 1396 1123 1472 operibus

71 1472 75 1569 ξ
118 1477 184 1540 tultis
209 1486 351 1560 suscipere
386 1481 640 1564 poenitentiam³)i
670 1485 765 1560 Quare
795 1503 854 1545 non
880 1484 971 1544 dicitis
1003 1487 1124 1559 peccata

71 1584 74 1641 ξ
118 1566 211 1629 rura?
230 1570 431 1655 Respondente
451 1570 515 1630 illa:
535 1571 614 1630 Nihil
633 1572 703 1629 mihi
724 1574 839 1632 conscia
859 1589 936 1648 sum3
959 1573 999 1630 ait
1019 1569 1123 1646 pleba-

118 1662 172 1710 tus:
194 1654 275 1716 Cuius
297 1661 364 1717 estis
397 1657 502 1718 officii?
530 1658 690 1733 Respondit
715 1658 829 1717 mulier:
857 1658 978 1718 Ferrum
998 1656 1123 1716 vendere

118 1734 186 1801 ote.
203 1741 249 1803 Ad
259 1744 337 1820 quod
347 1744 409 1805 ille:
430 1743 533 1804 Soletis
540 1740 562 1824 4)
574 1745 726 1820 aliquando
748 1747 871 1804 minores
884 1745 950 1804 terri
969 1741 1124 1820 particulas

117 1820 268 1903 inligaturis
293 1832 448 1891 maioribus
469 1833 670 1906 intermiscere,
691 1838 724 1890 ut
738 1833 780 1891 sic
793 1837 886 1891 toturn
907 1831 992 1890 simul
1012 1829 1125 1890 venda-

118 1904 168 1995 lltl¹
192 1913 308 1978 Dicente
329 1919 386 1993 illa,
407 1917 501 1994 sole03
523 1919 681 1994 respondit:
702 1919 779 1978 Ecce
800 1919 856 1978 hoc
877 1917 997 1977 mortale
1017 1933 1125 1992 pecca·

117 1994 218 2078 hlineet,
237 2006 303 2080 quia
314 2004 404 2065 dolus.
425 2004 464 2063 Et
482 2005 598 2064 adiecit:
619 2004 723 2065 Soletis
736 2005 889 2081 aliquando
907 2006 1026 2080 mentiri,
1046 2005 1125 2063 iura-

115 2089 146 2151 fir
161 2091 307 2167 periurare,
329 2092 448 2152 aemulis
469 2094 571 2151 vestris
592 2092 776 2168 maledicere,
806 2092 867 2151 aliis
887 2091 953 2168 plus
974 2089 1126 2152 vendenti-

114 2157 158 2223 ltt
174 2173 316 2239 irridere?
350 2178 509 2255 Respondit
528 2178 578 2238 illa
585 2176 615 2259 ⁵),
637 2182 704 2255 quia
723 2181 753 2237 iu
774 2179 879 2238 talibus
900 2196 987 2255 saepe
1009 2176 1126 2238 excedo.

109 2240 238 2322 Plebanus
259 2264 344 2324 dixit:
371 2266 411 2324 Et
430 2268 486 2325 ista
511 2268 606 2325 omnia
629 2271 750 2342 peccata
771 2271 836 2325 sunt
857 2252 1001 2340 mortalia,
1023 2270 1052 2324 et
1072 2264 1127 2322 nisi

105 2342 295 2410 merientium
324 2354 436 2429 egeritis
465 2353 650 2429 condignam,
684 2355 763 2413 ocius
788 2354 864 2412 ibitis
896 2356 925 2411 in
957 2353 1126 2430 gehennam.

104 2408 208 2495 Territa
225 2437 273 2498 illa
292 2441 323 2497 in
343 2441 439 2498 verbis
451 2436 471 2519 ⁶)
495 2442 571 2515 eius,
592 2456 727 2515 peccasse
749 2457 781 2499 se
801 2441 981 2515 recognovit,
1009 2444 1037 2497 et
1059 2436 1127 2513 quid

100 2494 133 2560 αθ
165 2528 256 2584 cetero
277 2524 405 2585 confiteri
427 2525 558 2601 deberet,
587 2527 683 2585 didicit
692 2524 721 2608 ⁷).
763 2526 843 2585 Bene
864 2528 932 2600 iste,
963 2530 1063 2600 utpote
1085 2525 1128 2582 vir

92 2595 222 2669 Prudens
243 2618 271 2671 et
287 2611 424 2687 literatus,
444 2615 525 2672 novit
545 2613 641 2673 fodere
663 2616 809 2688 parietem,
830 2618 859 2672 et
880 2611 1030 2673 ostendere
1050 2610 1129 2670 idola

88 2664 120 2729 ²¹¹
145 2696 233 2757 eorde
252 2698 377 2758 mulieris
400 2697 521 2774 depicta.
562 2699 765 2760 NOVICIUS:
796 2698 871 2774 Quid
891 2704 935 2759 est
954 2696 1051 2757 fodere
1072 2715 1128 2772 pa·

86 2754 220 2841 riettm?
238 2783 474 2846 MONAOHUS:
495 2785 542 2845 De
555 2789 680 2863 peccatis
703 2782 888 2864 eorumque⁸)
912 2784 1128 2844 cnoumstantiis

81 2833 270 2947 interrogara
297 2871 486 2931 confitentem
529 2873 628 2933 Verba
652 2880 718 2932 sunt
738 2872 911 2948 Ezechielis,
940 2879 969 2932 et
990 2889 1008 2931 a
1028 2877 1129 2930 saneto

81 2920 235 3031 Gregorio
266 2958 351 3036 plene
384 2964 413 3019 et
444 2959 613 3020 excellenter
645 2956 812 3040 exposita⁹).
856 2958 965 3019 Carere
982 2955 1011 3039 ¹⁰)
1044 2952 1130 3018 debet

79 3022 249 3121 ⁰⁰¹1fessor,
270 3062 307 3104 ne
321 3047 362 3122 sic
374 3047 488 3124 incaute
509 3049 655 3122 parietem,
681 3047 711 3105 id
726 3045 957 3122 est,.confitentis
979 3047 1130 3105 conscien-

77 3098 172 3188 flam
189 3148 239 3208 per
258 3133 507 3210 interrogationem
527 3133 625 3210 fodiat,
645 3139 679 3192 ut
700 3150 766 3192 eum
785 3150 906 3211 peccare
928 3132 1039 3193 doceat.

103 3292 151 3374 1)
168 3315 208 3368 ΑΡ
225 3316 270 3369 ad.
284 3347 318 3357 -
335 3317 367 3386 2)
384 3317 424 3371 ct
441 3318 618 3384 ccclesias,
635 3319 657 3372 D
675 3327 706 3371 ct
724 3318 946 3371 eccleciam-
965 3318 997 3388 3)
1014 3318 1036 3371 Ι)
1055 3333 1132 3385 poc·
1196 3382 1199 3389 Ι

169 3387 339 3439 nitentium
365 3389 539 3456 suscipere.
560 3418 590 3428 -
617 3389 688 3456 4JG
714 3389 879 3442 soletisnc.
905 3418 936 3428 -
963 3389 995 3456 5]
1019 3387 1060 3441 BG
1082 3403 1130 3440 re-

169 3456 521 3527 spontaneorum-6)
539 3459 580 3521 Vl,
597 3459 628 3510 2:
646 3460 676 3510 in
695 3459 914 3526 simplicitate
932 3459 1003 3509 eius
1020 3466 1131 3509 motus.

170 3555 203 3565 -
220 3527 251 3594 7]
269 3525 354 3578 cibi
377 3526 541 3579 didicit.—
561 3529 593 3597 8)
610 3528 736 3593 ABCPKR
753 3528 790 3580 de
808 3529 967 3596 pcccatis,
985 3528 1132 3595 eiusque,

168 3593 245 3647 lide
262 3605 400 3664 peccato
418 3599 561 3666 eiusque.
597 3597 757 3651 Peccatorum
775 3600 976 3650 circumstantiae
994 3606 1052 3648 sunt
1066 3606 1133 3648 tcm-

170 3679 225 3785 ΒΜ,
241 3665 363 3732 peccandi
378 3666 477 3732 modus,
494 3676 520 3724 et
537 3666 592 3719 loca
610 3684 666 3725 cum
684 3669 813 3736 personis:
828 3668 918 3720 Homil.
936 3665 976 3718 lV.
994 3684 1019 3734 p.
1037 3667 1079 3718 22.
1099 3694 1131 3704 -

170 3733 202 3856 ⁸)
218 3733 310 3788 Erech.
327 3737 355 3803 8,
371 3737 397 3791 8.
423 3737 528 3809 Gregor.
544 3736 634 3808 Regrl.
651 3737 749 3792 Pastor.
758 3739 789 3806 11,
807 3739 890 3791 10.-
911 3736 959 3805 to)
976 3736 997 3789 Ι)
1016 3749 1132 3790 cavere

187 3816 281 3859 amen.
327 3808 332 3827 '
1029 3816 1035 3829 “
