2460 4162
118 218 179 280 158
431 209 661 281 DISTINOTIO
681 216 831 280 TERTIA
848 208 857 231 ⁸
920 207 923 215 ’

117 345 186 401 sunt
206 339 264 400 duo
285 345 468 415 peccatorum
489 358 610 418 genera,
639 357 715 415 quac
743 339 859 416 quidem
879 339 909 399 in
929 355 962 399 se
982 337 1072 400 valde
1094 346 1165 401 sunt

118 444 240 504 magna,
261 426 328 486 licet
348 434 464 503 propter
484 445 583 502 nsum,
604 428 809 488 mercatoribus
830 427 969 501 maxime,
996 443 1092 503 parva
1113 427 1163 487 vi·

120 513 256 587 deantur,
285 520 314 572 et
336 517 419 588 quasi
439 515 534 589 nulla,
554 513 736 573 mendacium
757 513 865 574 scilicet
885 519 972 588 atquc
992 514 1165 589 periurium.

62 616 68 625 ⁸
118 600 253 674 Domino,
273 602 412 676 inquiunt,
432 618 507 677 pene
527 601 597 658 nihil
617 617 771 675 possumus
792 617 895 675 emere,
915 599 986 659 nihil
996 597 1013 681 ¹)
1022 599 1165 676 vendere,

118 689 175 747 nisi
195 693 325 762 oporteat
346 704 399 746 nos
421 690 664 770 mentiriliurarc,
685 694 714 746 et
735 704 821 763 saepe
849 689 1001 763 periurare.
1045 686 1165 764 Quibus

120 790 187 834 cum
209 773 315 834 diceret
334 773 490 849 plebanus:
518 774 645 834 Peccata
670 777 725 834 ista
747 773 831 834 valde
853 779 920 832 sunt
940 775 1055 849 gravia,
1089 779 1121 835 et
1140 791 1163 835 a

120 859 271 920 Salvatorc
292 860 443 936 prohibita,
464 863 526 936 ipso
551 861 675 920 dicente:
704 861 995 934 meromontem,
1018 867 1077 934 eat,
1101 867 1163 937 ert3

119 964 191 1020 non,
212 944 328 1024 oon²);
348 947 570 1023 responderunt:
591 947 656 1006 Non
677 964 830 1023 possumus
851 946 908 1006 hoc
928 952 1117 1022 pracceptum
1129 949 1164 1007 ln

120 1035 362 1109 negotiationibus
383 1037 486 1093 nostris
508 1033 659 1094 custodire.
701 1032 753 1092 Ait
774 1033 925 1093 sacerdos:
946 1033 1064 1093 Utimini
1087 1051 1164 1095 oon-

120 1119 184 1179 silio
206 1136 280 1194 meo,
302 1127 331 1179 et
352 1122 425 1180 benc
448 1120 530 1180 cedet
550 1121 643 1180 robis.
685 1119 780 1180 Nolite
801 1122 926 1195 mentiri,
946 1119 1035 1181 nolite
1053 1122 1164 1198 iurare,

120 1208 194 1266 sicut
215 1213 374 1266 mercatum
406 1213 534 1266 reanum
566 1207 633 1267 darc
661 1207 764 1282 vultis,
791 1209 832 1266 sic
861 1223 927 1266 cum
952 1207 1078 1269 laudate.
1121 1207 1164 1271 El

119 1295 310 1369 promiserunt
331 1295 371 1366 ci,
403 1296 471 1369 quia
498 1299 608 1352 tentare
636 1286 742 1353 rellent
767 1311 826 1353 uno
852 1309 936 1353 anno.
985 1293 1052 1354 Hoc
1082 1296 1163 1357 subn

119 1381 229 1454 petivit
272 1378 450 1455 Impedicnte
472 1397 521 1439 cos
542 1378 667 1454 Satana,
697 1382 746 1455 qui
774 1397 887 1455 scmpcr
907 1379 992 1439 saluti
1012 1380 1163 1443 hnmanae

120 1465 297 1540 adversatur,
318 1483 392 1541 perrc
414 1466 484 1524 nihil
504 1483 578 1525 anno
600 1466 648 1525 illo
670 1466 794 1526 rendere
815 1472 977 1542 potuerunt
1019 1467 1164 1528 Reversi-

121 1569 177 1627 que
199 1570 274 1612 anno
298 1552 412 1612 evoluto
435 1553 578 1612 edanum
604 1553 773 1629 plebanum,
807 1553 951 1612 dixerunt:
985 1551 1164 1617 obedientia

120 1639 205 1698 huius
226 1641 294 1698 anni
314 1639 436 1699 multum
456 1641 509 1698 fnit
529 1641 613 1699 nobis
636 1639 787 1714 damnosa,
807 1634 937 1698 homir'rcs
958 1658 977 1699 a
997 1641 1082 1701 nobis
1105 1641 1161 1705 de·

120 1725 227 1800 fluunt,
258 1743 312 1786 nec
334 1727 442 1801 aliquid
463 1729 524 1787 sinc
546 1729 704 1786 iuramento
725 1725 849 1785 vendere
869 1743 1031 1802 possumus
1074 1727 1162 1791 Tunc

121 1813 271 1873 sacerdos:
299 1813 394 1872 Nolite
422 1816 535 1887 timere,
564 1815 631 1888 quia
651 1815 769 1872 tentatio
792 1819 844 1871 cst
886 1807 990 1871 leu'm
1010 1819 1109 1875 tenete
1128 1816 1161 1875 in

122 1899 208 1959 corde
229 1905 339 1974 vestro,
365 1900 443 1974 quod
472 1899 550 1961 nulla
578 1899 748 1973 adversitas,
774 1899 854 1958 nulla
880 1916 934 1959 ros
961 1905 1119 1976 paupertas
1139 1919 1162 1963 a

121 1985 171 2044 tali
191 1988 344 2061 proposito·
358 1992 477 2061 avertat,
500 1992 528 2044 et
541 1986 684 2045 Dominus
705 1987 788 2045 vobis
810 1986 968 2045 benedicet.
1009 1986 1161 2049 Promise-

122 2078 244 2146 runtque
267 2074 293 2130 ei
302 2072 427 2131 Domino
449 2075 611 2148 inspirante,
633 2075 700 2147 quia
723 2071 864 2132 custodire
885 2073 991 2132 vellent
1013 2075 1160 2135 eiuscon·

121 2157 215 2217 silium
237 2158 420 2233 divinumque
428 2155 449 2238 ⁸)
471 2165 656 2234 praeceptum
683 2176 734 2235 per
766 2176 864 2218 omnes
893 2159 953 2218 dies
973 2162 1051 2221 vitae
1071 2178 1160 2237 suae,

122 2245 232 2304 etiamsi
254 2250 397 2319 oporteret
418 2262 468 2304 eos
488 2245 660 2304 mendicare.
702 2245 777 2303 Mira
797 2263 851 2304 res.
894 2245 998 2305 Statim
1013 2247 1161 2308 Dominus

121 2333 277 2389 immissam
300 2333 476 2406 compescuit
495 2333 696 2405 tentationem,
730 2338 758 2391 ct
780 2339 934 2408 coeperrmt
956 2350 1005 2393 cos
1025 2333 1160 2395 homines

121 2416 187 2493 plus
209 2434 296 2491 quam
318 2423 426 2489 ceteros
455 2417 848 2494 mercatoresfrequentare3
878 2419 1002 2495 factique
1028 2426 1099 2485 sunt
1128 2422 1159 2480 in

124 2504 207 2563 brevi
228 2504 339 2579 divites,
359 2506 400 2565 ita
421 2511 453 2563 ut
473 2507 650 2564 mirarentur.
692 2505 731 2563 Et
751 2508 857 2564 reversi
877 2505 915 2565 ad
936 2524 1020 2565 suum
1041 2506 1159 2567 confes-

122 2606 231 2666 sorem,
260 2593 365 2667 gratias
394 2598 526 2668 cgerunt,
555 2608 589 2650 eo
619 2591 695 2666 quod
716 2609 768 2666 per
789 2594 849 2651 eius
870 2591 984 2652 salubre
1006 2592 1159 2654 consilium

122 2683 222 2737 atam
243 2678 380 2754 gravibus
401 2681 527 2753 peccatis
548 2678 640 2738 forent
669 2681 829 2753 exonerati,
861 2685 889 2738 et
916 2679 984 2739 foris
1011 2681 1041 2737 in
1068 2681 1159 2742 rebus

123 2765 212 2825 ditati.
255 2763 457 2826 NOVICIUS:
484 2765 656 2824 Huiusmodi
682 2766 813 2840 exempla
839 2765 997 2839 praedicari
1017 2765 1159 2827 deberent

122 2853 152 2910 in
184 2851 311 2911 ccelesiis
339 2853 557 2928 mercatoribus3
590 2853 662 2911 sorte
692 2860 925 2927 expavescerent,
961 2853 997 2912 dc
1025 2857 1159 2929 pecuniis

122 2937 197 2997 male
220 2934 413 3018 conquisitis⁴)
434 2941 580 3015 negotiari,
603 2945 631 2998 et
651 2941 681 2997 in
701 2941 761 2998 suis
782 2938 992 2998 venditionibus
1004 2942 1098 2999 iurare
1108 2941 1159 3001 vel

122 3025 243 3082 mentiri.
295 3022 530 3084 nonnorrns:
565 3026 675 3084 verum
710 3008 788 3084 nors.
836 3023 1036 3087 novicius:
1070 3026 1159 3089 aune

122 3109 220 3169 audire
242 3109 373 3185 delectat,
395 3110 472 3185 quod
494 3111 609 3187 quidam
630 3119 795 3187 peccatores
816 3113 923 3171 meritis
940 3115 984 3172 sui
1007 3112 1158 3174 confesso-

122 3197 160 3256 ris
180 3196 375 3256 iustificentur.
384 3194 404 3276 ⁵)

141 3710 173 3781 1)
191 3709 211 3764 0
228 3712 288 3764 vel.
308 3740 338 3752 -
357 3712 389 3781 2)
406 3711 494 3766 llattb.
512 3716 538 3778 5,
555 3715 598 3767 37.
617 3743 648 3755 -
675 3713 708 3784 3)
725 3730 784 3784 que
801 3714 851 3769 add
867 3716 917 3771 Bc.
937 3745 966 3756 -
994 3714 1157 3785 001111·

193 3782 337 3851 quiritis.
356 3812 388 3821 -
407 3784 439 3853 5)
457 3783 477 3838 G
493 3784 732 3839 iustificantur.
