2438 4170
398 232 453 295 DE
476 233 761 296 OONVERSIONE.
1053 239 1092 296 25

50 360 148 433 veni,
189 364 219 418 et
251 357 328 433 quod
362 372 492 417 sermone
524 360 642 439 concepi
658 353 692 438 ¹),
727 357 856 417 novicius
883 355 976 416 factus
1008 375 1095 435 opere

51 445 181 507 ostendi
224 443 321 504 Simile
342 462 415 521 pene
437 446 555 521 contigit
582 444 662 503 iretri
685 443 807 503 Gerlaco
830 442 865 503 de
886 444 996 520 Dinge,
1028 463 1094 505 mo·

50 533 155 593 nacho
175 538 272 591 nostro
288 528 319 612 ²).
362 528 565 591 NOVICIUS:
586 531 653 591 Non
675 533 728 590 erit
747 530 846 592 inutile
867 530 911 590 his
931 533 981 607 qui
1000 531 1095 592 adhuc

49 622 86 677 in
104 617 227 680 saecrrlo
249 624 324 693 sunt,
345 618 468 694 exempli
487 621 581 695 gratia
602 618 672 678 talia
693 618 799 678 audire.

194 882 196 886 Α
393 808 624 869 CAPITULUM
647 809 763 869 XVIII.

53 930 106 993 De
130 898 312 991 Gerlaeo'de
321 932 429 1006 Diope,
452 934 601 990 occasione
622 903 776 989 cuiusdam
790 933 931 990 sermonis
949 945 1095 990 convoco.

123 1067 359 1130 MONACHUS:
388 1068 466 1129 Ante
487 1069 541 1130 hos
562 1076 621 1129 tres
642 1088 734 1129 annos
742 1067 764 1151 ³)
786 1070 916 1130 dominus
939 1069 1096 1144 Henricus,

55 1159 109 1234 qui
137 1174 216 1216 nnnc
238 1163 281 1216 est
300 1156 403 1216 Abbas
425 1163 543 1232 noster,
573 1158 643 1216 dum
654 1154 676 1236 t)
705 1160 769 1216 vice
790 1157 915 1216 Abbatis
937 1157 972 1216 de
996 1157 1096 1216 Clara-

54 1243 137 1305 vellc
159 1246 288 1303 visitaret
308 1247 337 1301 in
359 1244 465 1318 Frisie,
489 1247 606 1321 contigit
628 1261 694 1302 eum
714 1244 854 1319 hospitari
873 1247 903 1301 in
925 1251 1019 1302 castro
1043 1262 1095 1303 ou·

55 1332 177 1391 iusdarn
198 1331 292 1389 militis
314 1333 427 1390 nornine
449 1331 576 1390 Suederi.
619 1330 649 1389 A
670 1348 727 1406 quo
750 1349 815 1391 cum
843 1330 965 1390 multum
993 1331 1096 1390 devote

55 1425 213 1494 susceptus
234 1425 324 1492 esset,
354 1425 388 1476 ut
409 1420 435 1477 ei
457 1418 669 1477 consuetudinis
690 1425 743 1492 cst,
764 1420 893 1477 recitavit
914 1418 954 1476 ibi
961 1415 981 1496 ⁵)
1004 1421 1095 1492 quae-

56 1505 129 1566 dum
151 1503 285 1579 mirifica,
314 1522 388 1580 quae
416 1507 445 1562 in
467 1502 593 1584 ordine⁶)
618 1507 809 1580 contigerunt;
844 1511 872 1564 et
894 1522 959 1563 oum
981 1505 1096 1564 adesset

54 1592 224 1670 praedictum
246 1591 404 1667 Gerleous,
424 1591 498 1650 filius
520 1592 612 1651 fratris
635 1592 762 1651 eiusdem
772 1589 791 1671 ⁷)
813 1592 919 1665 militis,
941 1594 1095 1651 canonicus

55 1680 177 1739 maioris
199 1679 335 1738 ecclesiae
355 1681 385 1736 in
407 1679 553 1753 Treiecto,
587 1681 660 1736 sicut
681 1684 757 1738 terra
778 1680 873 1752 bona,
896 1695 993 1737 semen
1014 1679 1094 1737 verbi

55 1769 89 1825 in
110 1782 183 1842 agro
204 1765 297 1824 cordis
319 1767 363 1824 sui
384 1768 518 1840 suscepit,
540 1772 569 1823 et
589 1782 647 1823 non
669 1765 758 1823 multo
781 1771 847 1840 post
867 1765 992 1823 fructum
1013 1782 1093 1824 exeo

56 1852 228 1928 centuplum
247 1853 322 1917 fecit
365 1851 429 1927 Qui,
451 1854 524 1910 sicut
544 1852 613 1909 mihi
633 1858 735 1926 postea
755 1854 784 1909 in
806 1853 974 1926 probatione
991 1851 1096 1925 rotulit,

56 1957 96 2000 ex
115 1939 169 1998 illc
190 1938 261 1999 hora
280 1945 398 2014 propter
419 1943 635 1998 conversionem
657 1941 750 2014 coepit
763 1939 910 2013 fluctuare,
931 1945 960 1998 et
975 1938 1095 2013 qualiter

57 2033 234 2101 conceptum
254 2026 387 2085 ardorem
407 2028 611 2101 exstingueret,
644 2026 804 2101 diligentius
827 2028 960 2100 cogitare.
1003 2025 1096 2084 Nacta

56 2116 148 2190 igitur
169 2115 329 2187 occasione,
350 2129 386 2170 ne
407 2119 560 2187 notaretur,
584 2115 665 2187 quasi
686 2113 724 2171 ad
746 2112 871 2170 studium
881 2113 1005 2172 Parisios
1026 2129 1095 2187 per·

57 2202 150 2274 rexit3
179 2201 229 2258 ubi
258 2217 323 2258 cum
351 2198 495 2257 modicum
523 2200 637 2258 lecisset
658 2195 810 2280 tompusr),
832 2198 870 2258 ad
891 2217 944 2258 nos
966 2199 1095 2273 divertit,

57 2288 211 2362 factusque
227 2289 357 2347 novicius
377 2285 416 2344 ad
437 2287 583 2361 spirituale
604 2284 731 2346 studium
753 2304 784 2346 se
806 2288 953 2346 convertit.
995 2284 1095 2344 Exhis

59 2374 176 2434 duobus
198 2372 335 2448 exemplis
355 2378 436 2447 patet
456 2373 596 2448 quosdam
618 2390 748 2432 sermone
770 2375 911 2448 converti,
940 2379 972 2432 ut
993 2371 1096 2447 imple·

59 2468 129 2522 eurr
148 2460 220 2518 illud
239 2459 447 2535 Apocalypsis:
472 2461 531 2536 Qui
544 2461 638 2533 cudit,
660 2460 755 2519 dicct:
784 2456 896 2538 Vettii).
940 2460 997 2536 Qui
1017 2459 1097 2518 audit
1138 2486 1141 2491 ·

59 2564 166 2608 vooem
174 2546 292 2606 Domini
312 2563 345 2605 se
357 2547 487 2613 vocantis
497 2563 549 2621 per
561 2550 703 2607 internam
712 2549 914 2622 aspirationem
929 2544 968 2626 ¹⁰),
988 2549 1096 2605 iustum

59 2642 120 2702 est,
151 2639 186 2693 ut
214 2640 243 2692 et
269 2620 341 2692 aiios
370 2649 475 2692 vocare
496 2633 610 2693 studeat
630 2651 682 2709 per
702 2636 840 2692 sermonis
862 2632 1096 2692 exhortationem.

59 2719 265 2781 NOVIOIUS:
297 2719 403 2778 Fateor
430 2719 500 2777 mihi
526 2723 583 2780 ista
611 2720 741 2779 sulficere
771 2720 806 2779 de
839 2737 984 2795 sermone;
1020 2736 1096 2778 nunc

60 2808 204 2885 procedas
225 2808 345 2867 obsecro
367 2806 404 2865 de
436 2810 572 2866 oratione.
615 2805 850 2866 MONACHUS:
883 2806 963 2864 Sicut
991 2804 1096 2864 multos

60 2896 205 2956 convertit
225 2894 382 2953 exhortatio
400 2897 548 2968 sermonis,
568 2897 608 2953 ita
621 2893 759 2970 plurimos
773 2893 811 2952 ad
825 2893 951 2953 ordinem
964 2891 1052 2951 trahit
1068 2889 1096 2971 ¹¹]

60 2984 154 3041 virtus
178 2982 323 3040 orationis.
365 2979 449 3039 Unde
470 2979 628 3055 Apostolus
650 2980 779 3040 Jacobus
808 2980 887 3038 dicit:
922 2980 1014 3038 Orate
1037 2997 1097 3054 pro

59 3072 195 3139 ommam,
217 3075 253 3127 ut
282 3068 456 3142 solvonioct'5
487 3069 615 3126 multum
637 3071 714 3126 caim
735 3069 815 3126 odet
837 3071 933 3126 oratio
955 3070 1026 3126 iusti
1047 3085 1098 3126 aa·

59 3155 153 3215 sidua
170 3151 209 3232 ¹²).
254 3154 342 3213 Cuius
363 3152 521 3213 efficaciam
541 3170 592 3230 per
622 3154 753 3231 exempla
782 3155 912 3214 subiecta
930 3150 958 3233 ¹³)
987 3153 1099 3228 plenius

59 3256 215 3319 agnosces.

81 3463 114 3531 1)
132 3458 175 3514 ΒΡ
193 3476 416 3528 conceperam
443 3477 502 3513 mox
520 3459 539 3513 G
557 3460 710 3513 eftectus.
731 3492 761 3501 -
789 3461 821 3530 2)
840 3460 917 3513 verba
936 3459 1047 3512 Simile
1067 3491 1098 3498 -

134 3539 250 3583 nostro
268 3547 308 3583 orn
326 3531 354 3584 G.
373 3562 404 3571 -
429 3532 461 3599 3)
480 3531 520 3583 BC
539 3530 586 3581 add
606 3549 679 3582 cum.
699 3562 729 3570 -
758 3532 790 3600 4)
809 3531 876 3582 dum
896 3546 936 3582 om
955 3530 1007 3594 1303
1034 3530 1100 3580 coni.

135 3598 169 3662 V,
185 3600 227 3652 29.
246 3630 277 3640 -
305 3602 337 3669 5)
355 3599 399 3652 ibi
417 3617 457 3652 om
476 3600 504 3653 G.
524 3630 555 3639 -
583 3601 615 3668 6)
632 3601 673 3653 Dl’
691 3600 806 3652 ordine
833 3609 953 3652 nostro.
975 3630 1004 3639 —
1033 3599 1101 3666 7)l’

137 3671 224 3734 eius,
241 3670 261 3723 B
280 3670 453 3737 praedicti.
473 3701 503 3710 -
523 3670 555 3738 8)
573 3670 594 3720 D
612 3670 768 3722 modicum
788 3679 910 3737 tempus
937 3671 1102 3721 stetisset.

141 3768 171 3778 -
206 3739 916 3808 jupon.22,17.-to)ct’tnsprrart0nem.-
939 3738 986 3806 11)
1004 3737 1024 3790 G
1042 3745 1104 3789 tra-

139 3807 187 3860 lrit
204 3808 240 3860 ad
263 3809 417 3862 ordinem.
437 3838 468 3848 —
489 3809 537 3878 12)
554 3809 607 3861 Jnc.
626 3812 651 3878 5,
670 3810 712 3865 16.
732 3840 763 3851 -
782 3810 835 3881 lii}
853 3809 1011 3864 conlecta
1026 3822 1072 3858 om
1084 3806 1122 3858 tt.

824 3888 861 3971 ft
