2460 4162
148 247 188 306 48
474 243 701 306 ursumque
722 244 851 306 PRIMA

147 366 226 444 apud
246 367 355 444 Tyrum
376 367 451 427 diem
473 367 574 428 clausit
602 373 768 427 extremum.
810 367 937 427 Moriens
964 374 1063 427 antem
1091 367 1184 428 filiam

148 462 178 514 et
199 458 295 514 omnia
316 471 390 530 quae
411 455 513 514 habuit
540 457 662 514 ministri
692 459 736 513 sni
758 453 826 514 fidei
857 455 1077 514 commendavit.
1120 455 1183 515 Sed

147 541 233 601 fidem
255 559 313 600 non
335 559 451 601 servans
473 559 572 602 servus
596 541 832 617 dominansque
854 542 1075 601 misericordiam
1097 543 1183 625 exhig·

147 629 219 688 bens
242 628 391 704 defuncto,
419 645 485 688 cum
514 634 589 688 esset
609 630 712 704 impius
734 636 763 687 et
784 646 901 704 avarus,
927 629 1024 704 puella
1044 635 1129 689 nocte
1150 632 1184 688 in

149 715 234 775 domo
256 717 367 792 relicta,
401 717 475 774 elam
494 718 649 792 navigavit,
670 715 766 774 multis
786 716 864 774 illam
888 718 1007 775 miseriis
1025 732 1183 792 exponens

149 802 230 879 Quae
251 821 335 862 mane
358 820 476 879 surgens
498 820 564 862 cum
581 799 596 882 ¹)
608 801 800 878 intellexisset,
821 808 944 861 tutorem
951 800 972 882 ²)
984 803 1103 862 infidum
1114 818 1183 862 cum

147 892 302 966 patrissui
324 891 483 949 substantia
510 892 677 966 navigasse,
705 889 888 949 vehementer
917 889 1019 965 doluit,
1053 894 1082 948 et
1111 889 1182 965 quid

147 984 246 1053 ageret
266 975 314 1036 vel
335 994 392 1052 quo
414 995 445 1036 se
466 983 596 1050 verteret,
616 979 728 1051 penitus
749 979 897 1053 ignoravit.
932 977 998 1035 Non
1018 975 1182 1054 intelligens

147 1062 253 1123 idioma
274 1071 374 1139 terrac,
395 1064 469 1122 fame
492 1066 585 1139 coepit
599 1064 761 1138 tabescerc;
783 1062 970 1122 mendicando
981 1069 1078 1122 tamm
1090 1063 1182 1124 schc-

148 1149 192 1210 las
212 1153 242 1209 in
271 1150 372 1209 eadem
401 1153 514 1210 civitate
546 1166 621 1208 anno
651 1167 708 1208 uno
721 1147 743 1229 ³)
764 1150 961 1226 frequentavit
1003 1150 1075 1209 Post
1105 1150 1182 1211 haec

147 1240 303 1314 peregrinis
324 1238 359 1296 de
375 1236 547 1296 Alamannia
568 1235 788 1295 adventantibus
810 1237 1001 1296 calamitatem
1021 1254 1105 1296 suam
1126 1254 1182 1298 ex·

148 1327 259 1401 posuit,
288 1331 317 1382 et
344 1330 377 1382 ut
406 1327 449 1383 sui
477 1327 689 1398 misererentur,
710 1323 919 1383 lacrimabiliter
948 1326 1083 1383 exoravit
1134 1324 1182 1384 Ex

149 1412 252 1486 quibus
279 1427 353 1469 unus
386 1413 485 1469 ceteris
514 1410 609 1484 ditior,
636 1412 798 1469 virbonus
826 1417 855 1470 ct
881 1411 999 1486 nobilis,
1027 1410 1182 1472 consolans

149 1497 322 1572 desolatam,
354 1514 559 1572 assumensque
580 1500 610 1554 in
630 1499 725 1554 navim
756 1496 870 1578 suaml)
894 1496 1071 1572 derelictam,
1105 1496 1182 1560 datis

81 1586 84 1591 '
148 1588 329 1659 necessariis,
351 1585 389 1642 ad
409 1586 531 1660 patriam
552 1583 664 1643 reduxit
684 1586 870 1660 peregrinam.
912 1583 1024 1643 Eodem
1050 1589 1182 1660 tempore

74 1692 77 1697 ·
149 1686 215 1731 curn
237 1679 299 1730 orta
319 1673 419 1730 fuisset
441 1673 632 1730 controversia
652 1671 999 1730 inEcclesiaTreverensi
1019 1672 1093 1729 inter
1106 1671 1182 1732 dnos

33 1758 36 1762 ’
150 1758 264 1834 electos,
285 1759 464 1817 Wolmarnm
485 1761 592 1818 scilicet
615 1757 742 1817 eiusdem
761 1757 907 1816 Ecclesiae
929 1756 1183 1834 Archidiaeonum,

150 1852 179 1906 et
199 1845 383 1920 Rudolphum
405 1848 542 1904 maiorem
563 1845 776 1920 Praepositum,
810 1844 940 1903 dominus
969 1845 1051 1920 Papa
1071 1844 1182 1909 Lucius

148 1935 234 2009 priori
254 1932 384 2007 favebat,
410 1940 521 2007 partem
542 1931 657 1990 alterius
677 1931 845 1990 Fredericus
866 1932 1025 2007 Imperator
1046 1929 1182 1992 defensa-

149 2021 208 2079 bat.
251 2018 289 2076 Et
310 2021 377 2093 quia
398 2018 468 2076 nulli
490 2024 550 2076 erat
571 2024 678 2091 tutum,
708 2021 804 2093 apices
825 2017 863 2076 ad
884 2017 1098 2093 Apostolicum,
1131 2020 1183 2095 qni

148 2112 217 2164 tunc
238 2107 373 2180 temporis
395 2105 472 2180 apud
493 2105 639 2163 Veronam
653 2106 832 2179 morabatur,
856 2105 976 2180 deferre,
997 2111 1114 2180 propter
1133 2107 1182 2165 in·

148 2191 234 2252 sidias
254 2192 445 2267 Imperatoris,
466 2191 596 2249 Ecclesia
618 2190 794 2250 Coloniensis
816 2210 881 2250 cum
903 2195 952 2251 uni
964 2195 1088 2266 partium
1097 2193 1183 2253 iave-

148 2284 199 2354 ret,
222 2284 251 2337 et
272 2280 310 2337 cb
331 2279 390 2337 hoc
411 2279 506 2337 literas
528 2278 566 2336 ad
586 2280 644 2336 iam
667 2277 773 2337 dictum
783 2279 895 2354 Papam
913 2279 1073 2353 destinaret,
1095 2279 1183 2339 bain·
1207 2322 1211 2333 .

148 2365 193 2425 lus
215 2365 369 2424 earundem
389 2368 466 2424 vitae
488 2382 557 2424 suae
579 2367 700 2439 timens,
727 2366 885 2440 praefatam
913 2365 1039 2440 puellam
1064 2372 1184 2441 propter

147 2460 294 2511 tonsuram
316 2459 345 2511 et
365 2452 494 2511 habitum
515 2451 726 2510 adolescentem
748 2455 919 2526 aestimans,
940 2469 1025 2527 prece
1046 2452 1132 2511 simul
1153 2460 1184 2513 et

147 2541 247 2616 pretio,
269 2556 303 2598 eo
326 2539 403 2614 quod
424 2542 515 2596 minor
536 2541 704 2613 suspicionis
724 2545 794 2597 nota
813 2539 886 2598 foret
898 2537 958 2618 ⁵)in
979 2538 1074 2614 pedite
1094 2556 1184 2615 quam

148 2628 177 2684 in
199 2629 302 2702 equite,
324 2626 435 2685 clausas
457 2628 487 2683 in
508 2625 611 2685 baculo
632 2625 736 2700 literas,
757 2632 926 2702 utportaret
938 2627 1066 2685 obtinuit.
1099 2625 1184 2702 Quae

149 2730 215 2773 cum
235 2715 315 2772 iuxta
335 2712 497 2789 Augustam
519 2711 680 2772 devenisset
687 2707 717 2793 ⁶),
738 2713 828 2771 furem
851 2712 975 2771 offendit.
1017 2712 1133 2789 Rogata
1143 2713 1183 2783 ab

148 2816 199 2875 eo,
221 2806 254 2858 ut
275 2803 369 2859 socius
391 2801 451 2859 eius
474 2805 548 2858 esset
569 2801 689 2874 itineris,
717 2799 787 2857 nihil
807 2800 876 2858 mali
896 2802 1060 2874 suspicans,
1088 2799 1184 2859 libens

147 2888 254 2946 annuit
299 2886 428 2962 Cumque
449 2886 598 2962 paululum
618 2889 837 2962 processissent,
861 2893 889 2945 et
909 2887 954 2944 fur
976 2889 1057 2962 quasi
1078 2903 1184 2945 sonum

147 2976 379 3049 persequentium
401 2976 576 3049 excepisset,
599 2989 670 3032 onus
693 2991 759 3032 curn
779 2973 853 3032 furto
875 2989 964 3048 penes
986 2972 1113 3047 puellam
1133 2988 1186 3032 re·

147 3062 261 3135 posuit,
282 3062 344 3135 ipse
365 3076 433 3119 vero
457 3060 494 3119 ad
516 3077 660 3119 secessum
681 3077 712 3118 se
734 3062 773 3119 ire
795 3061 946 3134 simulans,
968 3062 1041 3119 inter
1060 3056 1186 3120 frutecta

147 3162 179 3205 sc
201 3146 359 3205 abscondit
404 3147 479 3222 Quid
500 3146 619 3205 morer?
662 3147 717 3206 illa
744 3165 763 3206 a
790 3148 1025 3223 persequentibus
1048 3163 1186 3221 compre-
1215 3208 1222 3221 ,

147 3232 294 3307 henditur,
316 3250 382 3292 cum
403 3251 487 3293 sacco
509 3234 547 3293 ad
568 3233 704 3292 iudicium
724 3235 860 3308 trahitur,
890 3241 919 3292 et
939 3251 990 3308 per
1012 3235 1186 3293 sententiam

146 3319 251 3395 laqueo
273 3320 458 3379 adiudicatur.
502 3321 583 3396 Quae
606 3339 671 3379 cum
693 3322 730 3380 ob
762 3322 828 3379 furti
856 3323 1046 3396 praesentiam
1074 3319 1187 3380 nullam

147 3408 203 3466 sibi
223 3407 359 3483 prodesse
382 3414 508 3467 comeret
529 3408 735 3484 allegationem,
757 3407 864 3466 nullam
887 3410 1108 3481 excusationem,
1133 3424 1186 3466 sa-

148 3492 292 3554 cerdotem
313 3496 428 3570 petivit,
458 3500 487 3553 et
514 3495 643 3553 obtinuit.
687 3494 740 3552 Oui
769 3513 903 3553 excessus
932 3512 1000 3554 suos
1029 3493 1186 3569 confitens,

166 3678 321 3750 Odeum
348 3695 438 3732 mane
465 3666 612 3749 surpere.
632 3710 664 3719 -
691 3680 723 3748 2)
741 3679 761 3733 G
779 3679 826 3731 add
846 3696 944 3732 suum.
964 3711 994 3720 -
1014 3679 1046 3747 3)
1064 3678 1187 3733 BCuuo

136 3759 140 3768 '
217 3764 306 3801 enno.
326 3778 357 3788 -
385 3748 501 3818 ocra
527 3752 600 3802 navi
627 3766 690 3801 sus.
711 3780 741 3790 —
770 3745 905 3818 5)’ioret
927 3766 968 3801 orn
985 3749 1012 3802 0.
1032 3779 1065 3788 -
1092 3749 1126 3818 6)
1144 3749 1187 3804 Bc

217 3820 383 3884 venissem
410 3836 468 3872 mox
494 3819 534 3872 PG
560 3821 665 3872 iurem
693 3819 819 3872 obviam
845 3819 968 3871 habuit.
