2438 4170
335 171 342 183 ¹
404 221 458 280 nn
482 219 766 282 couvnnsionn.

10 394 13 415 ,
63 382 66 387 -
107 338 172 400 obus
187 343 286 419 malus,
307 343 365 402 tale
387 344 511 403 edictum
531 345 694 419 proposuit:
726 343 758 402 Si
778 341 864 402 modo
886 341 987 419 aliquis
1008 350 1099 418 esset,

10 413 40 468 ἦ
104 424 206 510 homil,
233 433 282 507 qui
310 433 385 489 veris
413 430 523 489 indiciis
545 447 614 489 vero
635 431 705 488 mihi
727 429 762 488 de
784 432 879 488 anima
899 432 987 504 patris
1009 432 1066 488 mei
1076 427 1097 509 ²)

10 492 27 554 ²
51 526 58 531 '
103 510 173 593 dicero
185 525 287 593 posset,
307 518 415 577 bonam
437 520 537 576 curtim
552 514 572 596 ³)
595 535 677 575 ame
691 520 836 592 reciperet.
869 516 1015 575 Audiebat
1025 516 1098 576 haec

10 600 23 642 l
100 600 158 661 ullos
176 605 286 680 quidam
307 621 425 679 pauper,
447 606 496 679 qui
515 605 630 662 fratrem
650 604 778 663 habebat
796 604 929 663 clericum
949 606 979 661 in
1000 605 1098 678 nigro-

95 691 178 749 mont'a
196 691 365 766 quandoque
387 694 456 749 sotis
478 691 649 766 expeditum.
682 691 735 749 Cui
763 709 829 750 cum
849 691 939 749 verba
959 690 1098 765 Principis

43 798 48 811 ·
91 774 220 837 indicasset
230 775 268 857 ⁴),
290 778 435 853 respondit
456 778 515 836 ille:
548 778 629 836 Bone
651 779 754 851 irater,
777 777 922 836 diabolum
943 776 1098 851 aliquando

84 879 128 938 pet
144 868 262 924 earmina
283 882 388 924 vocare
411 867 564 939 consuevi3
586 865 752 924 sciscitabar
780 866 817 924 ab
838 865 886 922 illo
909 881 983 938 quac
1004 864 1097 940 volui3

80 947 150 1030 diu‘)
182 962 225 1013 est
260 952 336 1027 quod
366 954 426 1011 eius
458 952 604 1027 colloquiis
632 953 796 1026 artibusque
823 953 995 1011 renunciavi.
1045 951 1097 1008 In·

74 1043 159 1099 stante
179 1039 266 1099 milite
288 1045 426 1114 oportune
453 1041 629 1114 importune,
663 1038 888 1097 admemoriam
910 1040 937 1096 ei
958 1038 1097 1097 reducens

71 1127 207 1202 propriam
227 1133 424 1201 paupertatem
445 1129 672 1203 promissumque
693 1126 845 1200 honorem,
873 1126 1007 1200 precibus
1036 1127 1097 1184 eius

70 1211 182 1273 teroem
204 1213 321 1273 clericus
352 1215 458 1286 uictus,
491 1213 659 1272 daemonem
690 1215 812 1272 vocavit.
865 1213 996 1271 Vocatus
1028 1211 1097 1286 quid

10 1330 13 1369 ;
67 1299 153 1360 vellet
173 1301 324 1375 inquisivit
367 1298 526 1375 Respondit
548 1300 682 1358 clericus:
703 1300 835 1359 Poenitet
856 1317 901 1358 me
923 1304 1003 1357 tanto
1020 1294 1097 1358 temss

10 1392 12 1399 '
63 1403 134 1463 pore
154 1389 306 1446 recessisse
328 1404 347 1446 a
367 1393 404 1444 te.
433 1386 534 1446 Iudico
555 1386 625 1444 mihi
645 1387 774 1461 obsecro,
796 1387 846 1445 ubi
867 1389 903 1444 sit
924 1388 1020 1445 anima
1042 1386 1097 1446 do·
1198 1386 1201 1393 ⁴

62 1475 132 1533 mini
152 1477 210 1533 mei
231 1474 405 1549 Lantgravii.
447 1472 499 1533 Ait
526 1474 662 1533 daemon:
690 1473 721 1532 Si
748 1476 793 1532 vis
823 1489 936 1533 meeum
963 1491 1096 1550 pergere,

61 1577 117 1637 ego
139 1561 193 1619 tibi
213 1561 294 1619 illum
307 1556 328 1640 6)
358 1559 516 1620 ostendam.
559 1561 598 1618 Et
625 1560 686 1618 ille:
713 1561 849 1619 Libenter
875 1560 956 1618 illum
971 1557 991 1640 ⁷)
1012 1560 1097 1620 vide-

60 1664 138 1723 rem,
168 1650 192 1706 si
219 1651 279 1707 sine
308 1647 433 1722 periculo
455 1651 533 1706 vitae
554 1665 636 1706 meae
656 1647 737 1705 illum
757 1647 855 1706 videre
876 1664 999 1722 possem.
1044 1647 1097 1706 Cui

60 1733 209 1794 diabolus:
240 1733 314 1801 Juro
336 1735 388 1793 tibi
408 1752 460 1809 per
480 1733 675 1808 Altissimum,
708 1739 736 1792 et
764 1733 1013 1809 pertremendum
1035 1736 1097 1794 eius

58 1820 207 1896 iudicium,
228 1823 296 1896 quia
317 1823 342 1880 si
363 1821 429 1880 fidei
450 1839 531 1880 meae
554 1827 583 1880 te
606 1823 786 1896 commiseris,
807 1820 979 1879 incolumem
989 1827 1018 1879 te
1029 1820 1097 1881 illuc

59 1908 168 1968 ducam
189 1908 302 1984 hucque
323 1908 467 1968 reducam.
509 1908 625 1967 Ponens
653 1907 770 1966 clericus
798 1914 914 1984 propter
944 1908 1060 1966 fratrem
1073 1904 1096 1988 8)

58 1997 187 2057 animam
214 2013 298 2054 suam
323 1997 353 2052 in
381 1996 513 2054 manibus
541 1998 615 2070 suis,
644 1995 749 2054 collum
778 1994 923 2054 daemonis
952 1994 1097 2070 ascendit,

59 2098 149 2157 quem
169 2083 241 2142 infra
262 2083 349 2142 breve
370 2088 483 2158 tempus
504 2088 694 2158 anteponam
715 2082 794 2140 inseri
818 2083 956 2157 deposuit
999 2082 1096 2141 Intro-

57 2171 183 2244 spiciens
205 2168 337 2244 clericus,
359 2169 566 2245 contemplatus
589 2176 633 2229 est
652 2168 716 2228 loca
737 2171 819 2228 nimis
841 2168 1001 2244 horrenda,
1021 2186 1095 2244 poe-

58 2273 219 2332 narumque
241 2256 354 2314 diversa
373 2274 487 2333 genero,
509 2263 538 2315 et
559 2246 727 2315 daemonem
750 2256 893 2331 quendam
905 2263 1024 2331 aspectu
1035 2262 1095 2315 ter-

57 2339 219 2422 ribilem9),
248 2359 334 2418 super
355 2350 484 2419 opertum
505 2351 625 2418 puteum
645 2343 816 2403 residentem
833 2341 872 2422 ¹⁰).
916 2343 1042 2402 Clericus
1062 2349 1096 2401 ut

58 2428 135 2489 haec
156 2429 240 2504 vidit,
273 2436 350 2488 totus
379 2433 556 2489 contremuit.
599 2430 637 2488 Et
665 2430 799 2490 clamavit
832 2430 953 2490 daemon
980 2427 1027 2489 ille
1056 2429 1095 2489 ad

58 2515 230 2577 daemonem
252 2515 396 2576 baiulum:
419 2517 488 2593 Quis
510 2522 554 2576 est
574 2517 629 2591 ille,
651 2535 737 2593 quem
758 2524 837 2576 tenes
858 2519 888 2575 in
910 2516 1005 2576 collo?
1027 2515 1094 2574 Ad-

58 2601 118 2663 duc
139 2621 205 2663 eum
226 2603 292 2663 huc.
324 2603 378 2662 Cui
394 2601 422 2683 11)
444 2605 600 2680 respondit:
622 2603 742 2663 Amicus
762 2610 859 2663 noster
881 2611 932 2677 est,
954 2610 983 2663 et
1001 2605 1095 2661 iuravi

58 2691 160 2766 siper
180 2693 299 2750 uirtutes
321 2697 386 2749 tuas
412 2709 546 2767 magnos,
580 2694 646 2766 quia
673 2709 739 2751 eum
767 2708 826 2750 non
852 2690 1009 2765 laederem,
1041 2688 1093 2748 sed

57 2776 360 2854 animamLantgravii
382 2776 488 2836 domini
509 2781 552 2836 sui
568 2775 596 2857 ¹²)
619 2778 805 2851 ostenderem,
827 2794 985 2852 sanumque
1005 2776 1094 2836 redu·

58 2880 162 2938 cerem,
182 2871 215 2923 ut
236 2865 367 2923 omnibus
388 2871 468 2923 tuam
488 2867 658 2925 immensam
673 2862 701 2946 ¹³)
717 2865 861 2940 praedicet
871 2866 1011 2924 virtutem.
1040 2862 1093 2923 Hle

58 2967 128 3009 vero
150 2953 247 3009 statim
264 2946 292 3030 14)
304 2951 469 3027 operculum
490 2954 613 3028 igneum,
636 2955 682 3010 cui
702 2951 813 3025 insedit,
834 2954 950 3026 amovit,
973 2957 1001 3010 et
1022 2951 1093 3010 tuba

56 3055 150 3097 aenea
170 3044 258 3113 puteo
279 3039 414 3112 immissa,
434 3045 493 3097 tam
516 3039 609 3097 valide
631 3039 802 3114 buccinant,
824 3046 855 3096 ut
876 3039 1018 3096 videretur
1032 3037 1092 3097 ele-

56 3127 115 3184 rico
139 3130 215 3184 totus
237 3126 338 3184 tinnire
355 3121 382 3204 ¹⁵)
405 3125 539 3184 mundus.
582 3125 653 3184 Post
672 3125 788 3201 horam,
820 3133 852 3183 ut
879 3128 905 3185 ei
925 3125 1091 3199 videbatur,

75 3310 105 3378 1)
125 3311 234 3377 inquit
251 3326 291 3362 orn
309 3309 397 3362 BC.-
420 3311 451 3378 2)
469 3309 490 3363 C
507 3312 611 3378 putris
630 3313 687 3362 mei
705 3311 900 3379 anima—3]
918 3310 938 3362 B
957 3320 1091 3373 curtem,

125 3379 410 3446 Rcortem.-4)O
427 3382 658 3432 recitasset.—
676 3380 737 3449 5]c
755 3381 809 3432 sed
827 3379 1004 3448 diu-mc
1022 3397 1090 3431 curn

125 3449 194 3512 tibi,
211 3449 230 3501 P
247 3449 336 3501 illurn
355 3449 422 3501 tibi.
443 3481 473 3489 -
493 3451 525 3518 7)
543 3449 563 3502 C
579 3450 645 3519 Ego
664 3467 731 3501 eum
749 3450 899 3502 libenter.
919 3480 950 3490 -
969 3451 1001 3518 8)
1019 3466 1090 3516 pro-

125 3527 200 3585 pter
216 3519 353 3571 fratrem
371 3519 446 3570 babet
461 3519 482 3572 C
498 3529 556 3586 post
574 3523 691 3571 suis—
706 3521 738 3588 9)
757 3530 890 3587 aspectu
908 3520 1089 3571 terribilem

127 3603 168 3640 orn
185 3588 213 3641 C.
233 3618 263 3627 -
284 3589 332 3656 10)
350 3587 370 3640 G
388 3589 560 3640 sedentem.
580 3618 611 3629 —
632 3590 680 3657 11)
698 3589 716 3641 P
735 3592 796 3657 qui.
818 3620 847 3629 -
868 3590 916 3657 12)
934 3589 955 3642 C
972 3589 1089 3640 domini

127 3659 178 3710 sui
195 3658 438 3727 Lantgravii.-
459 3660 507 3727 13)
525 3660 545 3712 G
562 3661 745 3711 immensam
763 3668 897 3711 tuam-
910 3659 957 3725 11)
976 3661 1089 3711 statim

128 3726 205 3791 omG,
221 3729 264 3796 qui
282 3726 356 3795 paulo
375 3738 446 3794 post:
465 3732 516 3781 cui
535 3729 657 3782 insedit
674 3731 849 3799 igneum-
870 3729 918 3797 15)
935 3729 954 3781 P
973 3737 1088 3782 treme-

128 3811 173 3861 rc,
190 3805 218 3849 ut
234 3797 298 3851 inira
315 3797 369 3863 llll,
386 3799 428 3851 58.
