2438 4170
70 200 154 289 'aas
392 172 621 290 01000000
639 226 805 307 euram

90 356 201 426 tamen,
221 358 255 410 ut
278 350 383 427 audivi,
405 370 436 412 se
456 353 592 413 feminam
604 352 740 413 simulans
752 348 778 432 ¹),
799 369 853 427 pro
874 351 981 411 femina
999 349 1096 412 indau-

90 445 149 498 stro
172 437 297 514 quodam
319 440 574 499 sanctimonialium
594 446 757 515 susceptus,
780 438 922 515 quasdam
943 440 1095 515 eorrupitet

90 525 242 585 nonnullas
262 527 477 603 impraegnavit.
519 526 595 587 Nam
622 544 714 601 usque
741 526 828 586 hodie
861 527 1000 585 histrionis
1026 525 1093 585 officio

90 611 231 688 iungitur,
263 619 292 672 et
320 613 392 672 forte
419 613 464 673 his
485 616 584 688 peiora
606 620 747 688 operatur.
790 613 874 674 Haec
896 612 932 674 de
952 611 1017 690 gula
1033 611 1091 672 suffi-
1132 656 1135 663 .

92 699 176 775 ciant,
198 701 265 776 quia
285 699 323 758 ad
344 702 444 759 vitium
465 696 594 760 Iniuriae
615 701 727 760 festino.

435 890 667 951 CAPITULUM
689 891 783 951 CXII.

370 1014 418 1071 De
440 1014 563 1072 1000010
585 1020 612 1072 01
636 1012 754 1088 filiabus
776 1017 847 1073 0100.

155 1145 281 1210 Luxuria
302 1157 345 1209 est
367 1168 402 1209 ex
423 1150 575 1209 immundis
598 1151 774 1210 descendens
798 1150 944 1211 desideriis
966 1149 1089 1208 lubricati

92 1237 228 1296 effrenata
248 1241 351 1296 mentis
373 1245 402 1297 et
424 1240 515 1297 carnis
536 1240 706 1312 prostitutio.
738 1238 833 1297 Huius
855 1238 930 1297 filiae
948 1242 1016 1312 sunt,
1033 1249 1089 1293 anor
1132 1252 1135 1313 j

91 1327 144 1398 sui,
166 1325 264 1383 odium
285 1325 348 1398 Dei,
370 1325 489 1383 affectus
511 1327 667 1400 praesentis
690 1325 809 1400 saeculi,
831 1324 932 1383 horror
952 1323 996 1382 vel
1014 1322 1088 1395 despe-
1133 1330 1135 1335 '

88 1413 163 1469 ratio
185 1411 279 1484 futuri,
300 1412 504 1486 praecipitatio,
525 1414 724 1486 inconstantia,
746 1411 978 1485 inconsideratio,
998 1409 1088 1468 0000100

91 1500 203 1581 mentis.
248 1497 361 1556 Gradus
382 1498 509 1556 luxuriae
521 1505 594 1573 sunt,
608 1499 765 1572 fornicatio,
787 1504 927 1573 stuprum,
948 1496 1088 1564 adulterium,

91 1587 230 1660 incestus,
258 1582 392 1663 vitinm¹)
416 1591 514 1644 eontra
535 1591 675 1643 naturam.
718 1581 862 1660 Luxuria,
891 1588 963 1644 sicut
992 1590 1017 1643 et
1032 1577 1088 1657 gnit,

91 1671 168 1730 maia
188 1671 311 1747 plurima
333 1679 450 1746 operata
472 1678 515 1730 est
536 1675 563 1728 in
585 1672 701 1729 mundo.
743 1673 871 1730 Luxuria
893 1671 988 1730 diluvii
1005 1681 1088 1745 perna·

91 1760 168 1816 xima
191 1775 278 1817 cansa
299 1760 313 1817 i
331 1755 387 1838 ·t³).
430 1759 499 1833 Ipsa
526 1759 707 1834 Pentapolim
736 1759 874 1834 sulphure
904 1765 939 1818 et
958 1760 1018 1835 igne
1040 1768 1088 1813 con·

92 1839 229 1924 sumsit¹).
272 1845 400 1904 Luxuria
413 1844 525 1920 Joseph
547 1852 677 1905 sanctum
699 1848 885 1905 incarceravit
894 1843 925 1926 ⁵).
965 1845 1025 1920 Ipsa
1036 1835 1088 1899 nui·
1131 1848 1134 1855 '

91 1939 137 1991 tos
159 1930 308 2011 filorum)
331 1932 421 1992 Israel
440 1935 470 1990 in
492 1932 604 1991 deserto
632 1935 794 2014 prostravit.
826 1933 904 1992 Hoc
932 1933 1030 1992 facturn
1050 1929 1107 2009 eti,¹

93 2019 207 2092 qnando
228 2027 380 2094 peccantes
402 2037 468 2079 cum
488 2019 652 2078 Madianitis
681 2021 783 2078 initiati
815 2027 882 2078 sunt
909 2004 1088 2094 Beelphegoti

91 2105 218 2164 Luxuria
228 2105 416 2182 Sampsonem
429 2107 613 2165 fortissimum
625 2106 733 2181 ligavit,
754 2105 916 2181 infirmavit,
934 2089 1088 2175 exoculavii'i

77 2191 161 2265 vIpsa
183 2199 211 2250 et
237 2192 310 2252 filios
331 2193 409 2269 Hely
430 2194 521 2268 gloria
553 2194 704 2251 sacerdotii
733 2192 874 2268 simulque
906 2196 966 2252 vita
991 2184 1088 2267 privavit

91 2277 280 2337 Dormicbant
301 2283 376 2339 enim
399 2298 465 2338 eum
486 2279 664 2354 mulieribuS,
694 2297 768 2354 qnae
797 2281 943 2339 cubabant
963 2279 997 2337 ad
1016 2275 1089 2335 ostium

91 2366 268 2424 tabernaculi
276 2362 306 2446 ⁹).
349 2368 475 2425 Luxuria
496 2367 593 2426 David
607 2367 724 2425 Domini
745 2367 867 2425 electum
890 2356 1090 2425 adulternmiecit

92 2458 120 2511 et
141 2452 313 2511 homicidam
329 2450 380 2532 ¹⁰).
410 2455 479 2529 Ipsa
500 2453 684 2512 Salomonem
717 2456 955 2528 sapientissimum
982 2451 1089 2510 infatuant

90 2539 223 2615 perduxit
237 2540 274 2598 ad
295 2540 456 2599 idolatriam
472 2537 510 2620 ¹¹).
554 2541 679 2598 Luxuria
691 2541 852 2600 Susannam
872 2523 1089 2605 condemnavit¹²i

89 2626 254 2686 Johannem
275 2629 437 2703 Baptistam
460 2626 613 2686 decollavit
628 2625 665 2706 13).
708 2627 755 2685 De
776 2626 889 2685 luxuria
904 2627 970 2685 dicit
982 2623 1090 2683 Daunus

89 2731 140 2789 per
163 2713 254 2774 Ozee:
279 2715 386 2773 Omnes
407 2718 555 2790 nequitiae
577 2717 733 2772 00001010
757 2712 874 2788 Goipol,
896 2715 924 2772 id
947 2720 996 2788 est,
1013 2714 1037 2768 ir
1052 2717 1090 2763 ll·

89 2801 262 2877 luptatibus;
284 2801 324 2859 ibi
346 2819 447 2860 000000
470 2801 560 2860 babai
582 2819 630 2859 eos
645 2795 685 2878 ¹¹).
728 2800 807 2858 Dicit
828 2807 857 2859 et
878 2800 965 2860 Johel
993 2799 1023 2858 de
1044 2786 1089 2851 ili³²

91 2887 344 2962 &conparauerunt
365 2892 498 2965 lucrante
519 2892 550 2945 10
564 2896 690 2946 stercore
708 2905 762 2946 suo
779 2884 819 2964 ¹⁵),
842 2887 872 2945 id
895 2894 945 2962 est,
966 2891 994 2944 10
1011 2884 1090 2942 locare

88 2973 225 3032 luxuriae.
268 2974 437 3048 Behcrnoth,
460 2975 618 3033 seeundum
638 2973 711 3048 Job,
734 2973 838 3032 dormit
859 2976 888 3032 10
909 2974 978 3033 loeis
998 2973 1090 3030 humei·

88 3061 165 3118 tibus
181 3055 219 3139 ¹⁶),
240 3060 269 3118 id
292 3067 342 3135 cst,
365 3064 393 3119 10
415 3062 574 3119 luxuriosis.
616 3061 651 3118 In
665 3060 823 3135 Evangelio
847 3061 959 3120 duobus
979 3077 1008 3119 se
1026 3063 1090 3114 eati·

89 3149 231 3221 sentibus,
265 3150 288 3205 is
318 3150 367 3222 qui
395 3166 513 3206 uxorem
543 3148 637 3221 drrxit,
665 3149 788 3222 superbe
817 3148 977 3223 rospondit,
1008 3144 1090 3203 doen:

94 3234 222 3293 Ueterem
236 3235 316 3307 duat,
338 3239 437 3294 venire
450 3253 512 3293 000
530 3253 652 3308 possum
668 3232 708 3311 ¹¹).
751 3233 959 3295 NOVICIUS:
981 3227 1044 3310 Quid
1060 3221 1091 3279 tii

89 3320 166 3394 qnod
187 3320 329 3379 Dominus
351 3324 380 3379 10
401 3321 558 3397 Evangelio
581 3329 678 3396 aperte
700 3321 833 3396 prohibet
854 3323 968 3398 gulam,
995 3325 1019 3379 et
1035 3312 1090 3387 figi·

107 3453 138 3521 1)
156 3454 195 3506 BP
214 3453 358 3505 feminam
377 3471 408 3506 se
433 3455 601 3519 simulans,
619 3454 662 3507 Ac
679 3455 832 3505 feminam
857 3455 1013 3507 simulans.
1029 3474 1053 3487 ··
1067 3436 1089 3502 ²]

155 3525 270 3576 vitium
289 3523 337 3573 aaa
356 3524 383 3575 0,
404 3556 433 3563 -
454 3526 485 3591 a]
504 3526 593 3577 cenes.
613 3526 638 3575 o.
658 3555 687 3563 -
707 3525 739 3590 4)
758 3525 819 3576 cen.
839 3525 880 3576 ra.
900 3555 930 3564 -
950 3525 980 3590 5)
996 3521 1045 3573 oea
1059 3507 1088 3561 ³⁹·

158 3624 188 3632 -
209 3594 241 3660 0)
265 3593 329 3644 aar
352 3593 454 3644 fruor.
475 3625 504 3634 -
529 3597 561 3661 r]
580 3595 678 3645 numer.
703 3595 744 3646 25.
766 3623 796 3632 -
824 3595 857 3662 s)
874 3594 953 3646 turre.
971 3594 1008 3644 ra
1023 3613 1048 3625 -
1065 3574 1088 3639 ⁹)

154 3663 217 3732 neg.
235 3664 254 3726 r,
272 3664 302 3726 a,
320 3663 362 3714 22.
382 3694 410 3702 -
438 3664 486 3730 ro)
504 3664 566 3732 neg.
585 3665 614 3727 11,
634 3657 674 3715 0.
695 3693 725 3702 -
751 3664 799 3731 rr)
817 3664 879 3732 neg.
896 3665 937 3729 nr,
955 3663 992 3714 11.
1010 3684 1034 3698 -
1054 3643 1088 3710 o)

154 3733 227 3784 nant.
247 3733 286 3784 ra.
308 3763 338 3771 -
365 3733 515 3799 10000.
536 3735 576 3785 rr.
595 3763 628 3771 -
654 3733 701 3799 rr)
721 3731 779 3785 ose.
798 3734 823 3798 0,
842 3734 883 3787 15.
902 3764 934 3774 -
950 3732 995 3800 15)
1009 3719 1053 3779 aa
1066 3715 1087 3776 ¹2

156 3804 196 3854 17.
217 3833 247 3842 -
269 3801 442 3871 16)lob40,
461 3804 502 3855 ro.
522 3834 552 3844 -
573 3804 621 3872 17)
639 3803 696 3855 nuc.
715 3803 757 3868 14,
774 3803 816 3856 ao.
837 3814 842 3821 ·
