2438 4170
91 213 153 275 lta
407 210 635 275 DISTINOTIO
654 211 802 274 TERTIA

91 337 170 397 dium
189 352 293 411 nosse,
315 340 344 395 et
365 338 569 413 cogitationum
588 343 700 397 secreta
719 336 863 412 revelare,
885 352 973 414 quam
994 341 1109 421 mortuos

90 426 236 483 suscitare.
278 421 513 484 MONACHUS:
534 424 645 483 Verum
667 424 782 500 quidem
803 424 882 499 dicis,
903 426 972 500 quia
992 425 1106 485 sciram·

90 513 194 570 teriora
214 510 352 586 hominis,
378 510 467 570 soiius
495 510 552 569 Dei
574 517 625 570 est
667 509 750 571 Unde
771 510 944 586 Apostolus:
968 511 1039 588 Quis
1063 512 1128 571 adt·

90 598 257 671 bominum,
289 615 366 673 quac
385 604 457 657 suut
477 598 616 669 hominio,
647 601 704 656 atti
730 601 850 672 spiritus
871 599 996 657 bombus
1016 599 1102 674 podir

90 687 154 760 ipso
176 681 271 762 ost¹)?
313 683 399 744 Solus
419 684 465 743 hic
487 683 644 743 excluditur
664 686 779 760 spiritus
800 684 923 760 divinus,
944 686 994 760 qui
1011 685 1100 759 ubiquo

92 777 136 831 est
156 776 186 829 et
205 770 305 846 implet
326 772 436 845 omnia,
463 777 492 830 et
520 773 565 830 cui
593 773 655 846 ipse
676 770 799 831 voluerit
819 768 988 851 revelare2).
1028 770 1097 829 Tan·

88 875 160 934 pore
180 857 228 917 illo
250 873 307 932 quo
329 856 459 916 dominus
482 856 638 931 conradus,
658 875 734 916 nunc
754 858 916 933 Episcopus
927 850 1096 935 Portuensis')

92 944 263 1019 Cardinalis,
284 946 413 1004 novicius
433 944 486 1002 fuit
505 946 536 1002 in
556 943 679 1018 Vilario,
701 946 818 1021 contigit
838 944 955 1004 fratrem
975 944 1095 1005 Simonuu

91 1028 185 1111 cumt)
208 1030 337 1092 Waltero
365 1030 521 1105 monacho,
553 1048 629 1090 nunc
656 1030 773 1090 Abbate
802 1031 969 1106 Vilariensi,
1000 1036 1027 1090 et
1049 1028 1110 1097 oti,

91 1118 262 1195 quibusdam
282 1117 429 1177 monachis
449 1123 537 1192 atquo
559 1120 702 1177 conversis
724 1118 828 1177 ordinis
849 1119 938 1176 nostri
954 1114 1095 1197 inquadun

91 1205 212 1265 ecclesia
232 1204 371 1264 saeculari
390 1207 508 1262 missam
528 1204 634 1263 audire.
676 1205 755 1264 Infra
777 1221 916 1264 canonem
944 1221 1012 1264 vero
1037 1205 1117 1263 aino·

91 1292 157 1351 dem
178 1294 297 1366 missae,
329 1291 401 1350 vidit
427 1291 505 1349 idem
533 1291 632 1350 Simon
663 1293 792 1366 spiritum
812 1294 871 1350 iam
892 1291 962 1351 dicti
983 1287 1096 1362 conradi,

91 1395 207 1455 corpore
228 1381 298 1437 satis
319 1395 337 1437 a
358 1395 389 1437 se
410 1380 519 1452 remoti,
542 1395 638 1437 coram
659 1395 690 1436 so
711 1382 796 1453 stare,
818 1384 847 1437 et
857 1390 1097 1438 coronamentum

89 1468 119 1524 in
130 1468 223 1543 capite
233 1471 354 1542 gestare.
383 1464 466 1524 Vidit
487 1471 516 1525 et
537 1466 722 1540 cogitationes
745 1464 838 1524 cordis
861 1468 930 1539 eius,
952 1472 1098 1542 atqueora·
1148 1480 1151 1533 v

89 1554 181 1613 tiones
190 1548 226 1632 ⁶),
246 1555 276 1610 in
298 1552 401 1628 quibus
422 1557 491 1610 tunc
511 1553 680 1611 versabatur
699 1554 729 1609 iu
750 1551 866 1611 Vilario.
908 1552 1004 1612 Finita
1023 1552 1101 1624 mista,
1149 1544 1151 1569 ²

89 1647 198 1712 secrete
218 1639 331 1698 locutus
353 1628 425 1717 est⁶)
447 1638 591 1712 Waltero,
614 1637 722 1698 diceus:
753 1636 826 1697 Cum
847 1638 973 1698 udentia
993 1652 1114 1698 nomam·

91 1726 253 1787 conradum
279 1729 423 1786 novicium
443 1725 646 1799 Vilan'ensem,
680 1724 763 1784 dicite
785 1728 825 1800 ci,
854 1731 887 1784 ut
919 1731 1022 1785 caveat
1046 1723 1105 1798 sibi,

90 1817 158 1890 quia
187 1813 351 1872 huiusmodi
378 1815 548 1871 tentationes
568 1815 691 1887 patietur
717 1811 774 1870 hoc
802 1829 886 1872 anuo.
929 1812 1020 1873 Tales
1042 1811 1108 1870 enim

90 1903 285 1977 cogitationes,
305 1899 435 1974 talesque
457 1901 598 1959 orationes
618 1901 677 1957 iam
696 1898 798 1957 habuit
817 1901 847 1957 in
868 1900 965 1974 missa,
986 1905 1016 1960 et
1024 1898 1109 1958 scau

89 1990 157 2063 quia
178 2004 283 2062 magna
303 2003 426 2062 persona
448 1989 500 2045 erit
521 1989 549 2044 in
571 1985 677 2045 ordine.
718 1985 826 2044 Postea
847 2003 913 2045 cum
937 1985 1015 2045 idem
1035 1982 1112 2045 wd-

88 2080 166 2133 terus
187 2072 305 2132 vidisset
319 2074 472 2146 novicium,
495 2074 588 2147 coepit
608 2090 660 2148 per
680 2073 817 2149 ambages
836 2072 919 2130 illum
938 2075 1114 2149 interrogare,

89 2159 159 2235 quid
178 2159 250 2218 inira
270 2161 372 2218 missas
393 2159 497 2218 soleret
518 2176 606 2234 orare,
629 2158 733 2234 quidve
755 2161 889 2235 cogitare.
918 2158 1116 2236 Respondeute

88 2246 146 2321 illo,
168 2249 208 2305 sic
231 2252 260 2304 et
280 2248 321 2305 sic
343 2263 423 2304 orare
447 2249 595 2321 consuevi,
618 2246 733 2305 adiecit:
755 2246 838 2322 Rogo
862 2248 956 2321 etiam,
978 2253 1010 2305 ut
1021 2246 1117 2306 dicatis

88 2333 172 2408 mihi,
199 2350 273 2408 quae
301 2333 385 2391 fuerit
412 2335 517 2407 oratio,
558 2333 686 2407 qualisve
714 2335 847 2409 cogitatio
875 2340 973 2392 vestra
1001 2334 1047 2393 die
1073 2331 1120 2399 illa

88 2420 240 2479 Dominica
260 2420 332 2479 infra
353 2422 478 2478 missam.
523 2419 576 2477 Cui
598 2437 663 2478 oum
686 2419 791 2478 diceret
811 2422 959 2479 novicius:
984 2419 1042 2479 Cur
1062 2425 1120 2479 tam

89 2507 237 2584 diligenter
257 2509 433 2583 investigatis
456 2507 491 2564 de
514 2508 731 2582 cogitationibus
753 2505 846 2564 meisi
872 2506 1032 2581 respondit:
1065 2505 1120 2564 Di-

90 2596 144 2654 cite
165 2595 242 2670 mihi,
264 2594 342 2669 quod
363 2610 478 2668 quaero,
501 2600 530 2651 et
551 2610 603 2668 ego
626 2594 710 2652 vobis
727 2599 829 2668 postca
841 2610 959 2651 causam
971 2610 1120 2669 exponam.

89 2681 171 2742 Tunc
192 2685 314 2741 recitans
328 2677 347 2760 ⁷)
371 2684 396 2739 ei
417 2683 546 2740 novicius
567 2679 776 2755 perordinem,
798 2680 866 2754 quid
888 2685 1019 2756 oraverit,
1041 2675 1121 2758 vel⁸)

90 2772 257 2846 cogitaverit
276 2769 349 2827 infra
369 2771 487 2827 missam
506 2766 593 2841 illam,
618 2769 647 2825 in
668 2785 805 2843 magnum
826 2784 893 2825 eum
913 2770 999 2826 vertit
1019 2772 1122 2842 stupo-

88 2872 165 2930 rem,
198 2859 265 2931 quia
293 2872 346 2914 neo
367 2858 396 2912 in
418 2872 475 2913 uuo
497 2855 586 2913 verbo
609 2854 780 2928 discrepavit
801 2871 819 2912 a
840 2855 936 2912 verbis
958 2855 1053 2913 fratris
1075 2852 1122 2913 st·

89 2945 190 3000 monis.
232 2943 303 3000 Mox
325 2944 351 2999 ei
371 2944 525 3015 insinuans,
548 2940 615 3016 quid
637 2940 673 2999 de
693 2941 741 2999 illo
764 2939 879 3014 viderit,
901 2942 986 2999 simul
1007 2946 1035 3000 et
1057 2956 1122 3000 mo·

90 3027 159 3085 dum
179 3030 352 3102 tentationis,
373 3030 490 3101 monuit,
511 3033 544 3086 ut
565 3034 666 3086 cautus
688 3033 776 3101 esset,
798 3044 835 3085 ne
856 3028 928 3086 forta
950 3028 1003 3086 sub
1026 3027 1124 3102 specie

88 3113 157 3173 boni
178 3131 196 3171 a
218 3113 332 3173 diabolo
356 3113 539 3188 deciperetur.
582 3113 658 3173 Mira
678 3131 732 3173 res.
776 3112 849 3172 Cum
877 3116 947 3172 satis
968 3114 1045 3173 idem
1067 3130 1123 3173 uo-

89 3202 179 3260 vicius
201 3200 371 3274 admonitus,
393 3203 518 3275 satisque
539 3203 732 3274 praemunitus
755 3207 837 3275 esset,
858 3218 916 3259 non
938 3207 1034 3260 tamen
1050 3217 1123 3260 eva-

89 3287 155 3347 dere
176 3289 269 3363 potuit
289 3289 476 3346 tentationem
496 3287 687 3363 praedictam,
720 3289 788 3363 quin
816 3289 884 3347 satis
916 3289 953 3346 ab
975 3288 1024 3347 illa
1044 3304 1123 3347 anno

105 3507 137 3576 1)
155 3506 211 3560 Gor.
229 3506 249 3570 1,
266 3506 292 3570 2,
311 3505 351 3557 11.
365 3536 396 3545 -
415 3507 448 3573 2)
466 3506 552 3558 Matth.
573 3507 614 3571 ii,
632 3508 673 3559 27.
684 3537 716 3545 -
735 3507 766 3574 3)
779 3508 874 3559 Portus
892 3507 1027 3572 Romanus,
1042 3506 1135 3574 vulgo.

155 3577 270 3640 Porto,
293 3575 352 3627 urbs
371 3584 410 3626 est
428 3576 513 3627 italiae
532 3576 563 3628 ad
581 3576 702 3629 Tiberidis
721 3579 811 3627 ostium
835 3580 890 3629 sita.
919 3607 947 3617 —
971 3579 1003 3645 4)
1027 3575 1047 3629 G
1072 3575 1122 3628 add

155 3661 269 3698 nouuo.
288 3676 319 3686 -
348 3645 379 3712 5)
398 3655 495 3714 atque
517 3650 682 3699 orationes
700 3660 741 3696 om
760 3644 789 3696 D.
809 3676 840 3685 -
869 3646 1004 3714 6)Gudd
1023 3646 1123 3698 domi-

155 3732 208 3780 no;
226 3714 300 3782 paulo
318 3724 377 3782 post
394 3715 436 3766 Bi)
454 3716 618 3769 domiuum.
639 3745 669 3756 -
688 3715 719 3783 7)
737 3713 758 3767 G
774 3718 946 3783 recitavit,
964 3727 990 3769 et
1007 3717 1072 3769 inira
1090 3726 1122 3769 ct

156 3786 196 3839 in.
216 3815 247 3826 -
265 3785 297 3855 8)
315 3784 356 3838 OD
374 3785 426 3838 vel
443 3784 528 3856 quid.
