2460 4162
430 202 486 263 DE
508 198 785 264 CONFESSIONE.
1058 207 1117 267 127

66 319 150 402 ¹'itit
169 322 219 385 ille
240 323 368 385 clamans
389 331 419 384 et
439 324 548 384 eiulans
570 327 694 400 evanuit,
714 343 769 385 nec
790 342 920 400 uuquam
939 324 977 384 ab
990 324 1121 386 illahora

70 404 127 467 ab
150 430 185 472 ea
212 413 293 471 visus
325 411 373 471 vel
400 412 513 471 auditus
543 419 595 470 est
637 412 715 471 Ecce
743 412 791 471 hic
819 412 910 472 habes
939 413 1121 472 manifestum

77 498 263 574 exemplum,
296 504 420 573 quantae
451 501 562 558 virtutis
590 501 628 557 sit
654 517 728 574 pura
756 500 904 558 confessio.
947 498 1030 558 Haeo
1051 499 1121 557 mihi

75 582 174 645 rena
194 591 262 644 suut
282 603 303 645 a
324 584 439 644 domino
461 585 628 644 Hermanno
641 585 757 644 Abbate
778 585 849 644 Loci
871 592 988 645 sanctae
1001 585 1120 645 Mariae.

82 666 185 753 (low)
207 671 286 747 talia,
307 671 385 731 lama
406 671 580 751 divulgante,
602 675 783 749 cognovisset
805 672 841 731 de
861 672 990 748 praelata
1006 673 1120 748 semina,

78 758 146 835 aii,
166 775 235 819 eum
256 764 334 818 esset
351 759 470 818 Bonnae
486 761 647 833 canonicus,
669 762 774 834 optime
796 765 873 834 nota,
895 759 933 818 ad
953 759 1048 818 locum
1069 776 1121 835 per

80 860 119 905 ee
135 847 233 921 speum
254 847 383 919 accessit,
405 852 434 904 ct
455 862 490 904 eo
513 845 619 919 ordine,
641 863 698 920 quo
722 845 797 904 dicta
819 852 893 920 sunt,
915 846 951 905 ab
973 845 1047 905 illius
1070 862 1120 906 ore

82 938 189 993 cuncta
209 930 328 991 audivit
371 930 575 991 NOVICIUS:
602 931 633 991 Si
655 933 794 991 confessio
816 935 888 991 tanti
908 933 1041 1008 ponderis
1062 948 1134 992 non'

77 1023 173 1093 esset,
201 1034 385 1094 nequaquem
408 1018 561 1077 daemones
582 1025 643 1076 tam
664 1021 788 1095 graviter
808 1019 944 1080 turbaret.
986 1018 1120 1078 MONA·

83 1101 203 1165 clius:
233 1102 365 1164 Occurrit
385 1104 463 1164 alud
471 1101 490 1183 ²)
513 1104 689 1180 exemplum,
718 1107 748 1163 in
776 1122 833 1181 quo
856 1108 924 1164 satis
947 1122 1119 1182 cognosces,

81 1206 170 1267 quam
191 1193 360 1268 gravissime
383 1191 595 1267 exacerbentur,
616 1209 682 1250 cum
703 1198 823 1268 peccata
836 1192 1119 1252 nostreconfitemur.

81 1274 164 1338 Ilaec
186 1294 261 1353 quae
283 1277 409 1337 dicturus
431 1296 503 1352 sum,
524 1285 591 1353 post
611 1282 828 1338 conversionem
850 1297 944 1338 meam
958 1279 1119 1353 factasunt,

85 1368 115 1423 ct
143 1382 163 1424 a
190 1363 305 1423 domino
327 1363 436 1423 Karolo
468 1365 537 1424 mihi
564 1364 668 1439 relata,
696 1366 850 1441 aliquando
880 1366 978 1425 Priore
1006 1373 1119 1440 nostro,

79 1452 150 1511 tune
169 1448 288 1511 Abbate
309 1451 474 1527 Vilariensi3
495 1451 547 1510 sed
567 1468 673 1511 nomen
693 1469 832 1528 personae
855 1455 915 1513 sive
924 1449 945 1534 ³)
968 1452 1024 1535 loci
1046 1455 1115 1513 satis
1210 1481 1215 1501 =

84 1532 166 1599 doleo
185 1554 234 1598 me
254 1554 313 1597 non
334 1540 493 1598 retinuisse.
535 1537 587 1598 Ait
608 1541 683 1598 enim
705 1541 764 1599 sic:
1112 1533 1113 1537 ’

432 1726 665 1789 CAPITULUM
686 1729 772 1788 XIV.

111 1846 152 1910 De
169 1849 320 1910 meamea
341 1868 362 1909 a
378 1849 496 1909 diabolo
512 1869 570 1925 per
585 1851 774 1926 prophetiam
796 1853 898 1910 mortis
920 1851 1045 1926 decepto,
1069 1860 1097 1911 et

380 1955 436 2012 per
457 1937 668 2013 confessionum
690 1936 823 1996 liberato.

142 2054 212 2116 Erat
231 2056 349 2133 qnidam
369 2058 512 2133 sacerdos,
533 2065 563 2118 et
583 2059 677 2118 adhuc
700 2064 756 2134 est,
785 2059 941 2118 admodum
968 2058 1117 2135 religiosus

10 2182 14 2221 ,
96 2141 169 2203 “ob
190 2145 268 2205 vitae
289 2146 421 2204 meritum
442 2145 538 2204 multis
561 2145 696 2221 dilectus,
723 2147 902 2222 inpartibus
923 2148 1026 2205 nostris
1047 2163 1117 2221 par-

10 2234 16 2315 t
94 2222 193 2303 lelium
219 2247 331 2308 regens.
374 2231 510 2291 Invidens
539 2235 648 2310 gratiae
670 2235 731 2292 cius
763 2233 941 2293 milleartifex
970 2232 1116 2306 diabolus,

10 2330 13 2337 ·
88 2308 196 2377 olebat
217 2333 285 2377 eum
305 2320 412 2393 apertis
433 2320 635 2378 tentationibus
657 2319 817 2393 molestare,
838 2338 957 2396 sperans
970 2319 1116 2377 illumsub

83 2402 173 2467 uene
194 2402 264 2463 boul
284 2404 324 2463 ad
344 2421 429 2463 suum
451 2406 599 2464 consilium
621 2405 774 2465 efficacius
788 2407 932 2466 inclinare.
975 2406 1010 2465 In
1024 2423 1117 2482 ange-

76 2466 228 2551 ¹¹¹m1ucts
249 2507 282 2551 se
302 2490 507 2569 transfigurans
528 2494 656 2550 minister
682 2492 730 2552 ille
760 2494 958 2568 tenebrarum,
992 2493 1116 2552 ostendit

72 2570 106 2621 ’θ
130 2576 281 2653 secerdoti,
303 2584 332 2638 et
353 2580 407 2637 ait:
428 2578 531 2638 Amice
552 2578 618 2653 Dei,
639 2581 744 2639 missus
767 2598 831 2639 sum
853 2579 891 2638 ad
912 2587 956 2654 te,
979 2582 1116 2639 nunciare

67 2656 154 2723 Quo
172 2670 295 2724 ventura
315 2671 384 2724 sunt
403 2665 463 2723 tibi.
506 2665 652 2741 Praepera
673 2673 710 2740 te,
733 2669 800 2741 quia
820 2667 877 2726 hoc
892 2668 1116 2725 annomorieris.

61 2724 217 2811 &certos
238 2768 325 2825 vero,
357 2751 466 2810 nullam
493 2751 604 2812 habens
626 2751 662 2812 de
684 2753 786 2831 angelo
809 2753 884 2812 malo
908 2755 1116 2829 suspicionem,

57 2826 132 2891 ⁸011
149 2837 191 2897 ita
211 2837 331 2897 credens
352 2855 417 2898 esse
438 2839 583 2914 futurum,
605 2846 638 2897 ut
658 2840 857 2914 praedixerat,
879 2842 973 2915 coepit
995 2857 1026 2899 se
1049 2839 1116 2898 dili·

52 2912 176 2982 &nter
196 2926 281 2999 quusi
301 2923 339 2983 ad
361 2931 481 2984 mortem
502 2942 681 3001 praeparare,
703 2929 906 2986 conscientiam
926 2943 979 3002 per
1001 2926 1115 2986 contes-

49 2986 184 3069 *ouem
204 3009 353 3086 mundare,
376 3028 479 3088 corpus
500 3014 629 3087 ieiuniis,
650 3013 754 3090 vigiliis
776 3014 954 3088 assiduisque
978 3016 1115 3073 orationi-

50 3066 135 3151 5¹12
144 3099 292 3174 castigare,
311 3115 454 3158 annonam
468 3116 550 3158 suam
561 3117 626 3158 cum
641 3100 809 3176 supellectili
824 3102 973 3177 egentibus
988 3118 1115 3177 crogare.

50 3152 207 3258 Quaque
228 3183 312 3243 multi
332 3184 369 3244 ab
393 3202 427 3245 eo
450 3193 630 3262 quaererent,
653 3204 703 3246 cur
724 3194 784 3246 tam
805 3188 956 3247 indiscrete
978 3206 1031 3246 sua
1053 3188 1115 3246 dis-

142 3276 214 3345 cret,
241 3273 291 3329 uni
318 3269 441 3351 tamem)
475 3273 587 3331 illorum
615 3275 668 3333 sub
691 3280 761 3351 typo
784 3275 968 3333 confessionis
997 3291 1116 3334 causam

56 3346 200 3432 munt,
231 3356 343 3418 dicens:
387 3358 517 3435 Angelus
539 3359 656 3419 Domini
677 3361 817 3420 revelavit
837 3361 921 3436 mihi,
951 3361 1029 3436 quod
1057 3361 1115 3422 hoc

62 3434 154 3499 ²¹luo
178 3447 332 3505 moriturus
361 3442 458 3526 sim⁸).
500 3446 553 3505 Ille
584 3464 669 3523 vero,
698 3465 763 3507 cum
790 3448 847 3507 hoc
875 3450 991 3508 minime
1021 3447 1114 3508 celare

95 3611 235 3697 itaque
256 3644 334 3683 eum.
353 3659 385 3671 -
404 3631 437 3700 a)
455 3631 476 3685 c
492 3631 570 3684 mres
596 3631 692 3685 irrue.
712 3662 744 3674 -
764 3634 796 3703 s)
813 3634 835 3686 u
853 3650 896 3687 ae.
931 3634 973 3700 nr,
990 3634 1039 3687 24:
1058 3650 1114 3687 no-

147 3709 210 3750 nen
237 3714 317 3753 vero
343 3698 455 3752 domun
487 3702 558 3753 eive
591 3718 754 3770 perronae
782 3702 955 3758 subticuit.
990 3704 1042 3770 lll,
1069 3705 1111 3758 32.

151 3760 210 3834 tili,
232 3768 635 3840 32.-4)B0tentum.-
654 3771 835 3842 5JOPenm.
