2438 4170
94 234 157 295 sss
414 231 642 294 uisumcuo
670 207 827 294 suxun'

94 371 152 414 non
166 358 262 431 potest
275 371 391 431 surgere
405 356 591 415 erbor'bona.
619 355 746 415 Noverat
760 356 836 414 enim
847 369 956 430 paucos
969 368 1030 437 esse
1042 351 1106 412 olal-

93 458 205 517 corum,
228 443 277 517 qui
298 443 433 502 canonice
452 445 611 518 intrassent,
633 445 672 501 ita
693 449 805 502 utnon
828 447 924 500 essent
944 441 1103 516 sanguinitae,

92 530 187 604 idest,
199 546 227 613 ¹c
239 532 367 604 cognatis
379 529 540 604 introducti,
551 528 600 589 vel
612 529 736 589 choritae
748 525 773 608 ¹),
794 528 825 587 id
837 533 889 602 est,
910 545 960 603 per
972 528 1100 603 potentian

92 632 262 697 magnorum
284 617 398 691 intrusi,
431 619 492 674 sive
509 619 681 692 symoniaci,
702 617 824 692 pecunia
847 614 954 674 scilicet
973 613 1017 674 vel
1035 613 1097 672 obss·

92 705 166 779 quiis
191 704 351 761 intromissi.
407 701 609 763 NOVICIUS:
642 702 707 762 Hoc
750 704 853 762 vitium
881 701 926 761 his
953 700 1096 776 temporibus

94 789 179 848 valde
206 794 307 865 regnat
336 791 366 848 in
389 789 480 849 Clero.
522 788 758 849 MONACHU82
784 788 895 848 Verum
919 795 974 863 est,
1002 788 1094 846 mariue

92 877 122 934 in
150 874 205 934 illis
237 874 379 950 ecclesiis,
406 878 436 934 in
463 878 567 952 quibus
594 876 713 952 praelati
740 877 800 934 sine
829 875 967 934 electione
987 872 1094 949 stipenlls

90 963 248 1039 porrigrmt.
289 962 459 1038 Rudolphus
489 966 564 1022 enim
592 963 751 1039 Episcopus
772 962 940 1022 Leodiensis
966 965 1003 1019 ita
1020 963 1042 1018 in
1057 976 1092 1034 sy·

91 1051 187 1108 monia
207 1047 396 1126 gloriabatur,
425 1056 457 1108 ut
478 1056 607 1125 tempore
629 1051 768 1125 quodam,
795 1049 961 1124 praebenda
980 1045 1091 1106 cuiusdam

91 1137 229 1196 ecclesiae
251 1154 320 1196 surae
327 1134 348 1216 ²)
370 1155 389 1196 a
410 1154 441 1196 se
462 1137 588 1211 vendita,
608 1140 759 1212 pecuniam
780 1138 874 1211 ipsam
894 1138 924 1193 in
945 1136 1038 1212 gremio
1054 1146 1090 1190 suo

90 1229 215 1298 teneret,
248 1228 277 1282 et
308 1222 403 1282 multis
433 1221 559 1303 cerami)
581 1227 680 1299 positis
710 1224 828 1282 diceret:
863 1222 927 1298 Ego
955 1220 1030 1280 uelde
1050 1217 1090 1276 llo·

90 1309 207 1370 clesiem
220 1309 409 1373 Leodiensem
427 1311 523 1384 ditavi,
545 1327 599 1386 ego
618 1311 744 1369 redditus
765 1309 840 1368 illius
852 1310 991 1384 ampliavi.
1026 1306 1090 1364 Prsc·

74 1395 214 1467 'bendum
231 1399 305 1455 euim
318 1415 404 1472 quam
416 1404 612 1456 antecessores
626 1400 683 1456 mei
695 1414 746 1472 pro
762 1398 862 1455 docem
873 1398 975 1455 marcis
988 1389 1091 1453 vendide-

89 1488 164 1557 runt,
181 1499 234 1560 ego
257 1484 294 1542 ed
313 1484 502 1560 quadraginta
515 1501 626 1543 marcas
639 1485 766 1559 perduxi.
809 1483 847 1541 Et
867 1486 935 1557 quia
953 1484 993 1541 vir
1008 1482 1091 1539 sucus

89 1584 198 1647 paucos
211 1570 400 1630 consideravit
414 1572 564 1630 canonicas
578 1588 646 1629 suas
657 1570 820 1645 simpliciter
833 1572 946 1643 intrare,
961 1564 1091 1644 paucosiu·
1138 1596 1140 1611 ι

90 1656 196 1717 dicavit
208 1659 237 1715 in
251 1659 291 1717 eis
306 1654 495 1736 simplicitati)
510 1659 615 1716 vivere.
636 1657 773 1717 Habebat
787 1658 874 1715 etium
889 1674 954 1715 cum
970 1654 1024 1712 selo
1034 1648 1092 1710 iui-

89 1746 146 1805 tiae
169 1761 296 1803 amorem
311 1750 339 1803 et
351 1743 476 1803 studium
488 1743 625 1820 regularis
640 1744 813 1820 disciplinae.
833 1743 910 1801 Nam
923 1748 986 1818 post
998 1751 1092 1800 enmus-

90 1847 145 1906 que
167 1831 205 1890 ud
225 1830 299 1890 haee
319 1836 450 1906 tempora
462 1847 519 1889 nou
537 1834 659 1890 surrexit
669 1831 804 1890 Decanus
817 1831 846 1887 in
862 1830 912 1888 illa
927 1829 1040 1900 ecclesie,
1055 1819 1092 1881 sub

89 1932 146 1992 quo
161 1923 272 1976 mutum
283 1919 393 1993 vigeret
405 1917 561 1992 disciplina.
581 1917 677 1975 Etiam
692 1935 757 1977 oum
769 1902 845 1976 e'sset
858 1919 888 1974 in
898 1921 989 1976 aetate
998 1908 1093 1978 ocolus

89 2021 181 2079 usque
202 2003 239 2062 ad
262 2003 337 2063 diem
349 2007 447 2063 mortis
469 2022 546 2078 suae,
567 2007 802 2080 conpatiebatur
823 2021 855 2062 se
878 2004 999 2079 aliquam
1012 1993 1093 2058 heblo-

90 2090 206 2152 medam
220 2090 308 2149 divini
322 2093 428 2150 servitii
441 2094 600 2167 praeterire.
636 2091 729 2167 Saepe
743 2093 861 2149 missam
877 2093 907 2148 in
926 2092 1094 2149 conventuros·

90 2176 212 2252 lebrans,
231 2176 329 2236 alionis
344 2178 469 2237 brachiis
488 2196 523 2236 ne
537 2179 651 2237 caderet
673 2178 894 2236 sustentabatur.
916 2176 1031 2235 Alleluia
1038 2167 1094 2228 lesb-

90 2266 135 2322 vis
149 2264 259 2336 diebus,
280 2266 353 2322 siout
372 2268 465 2339 ceteri,
485 2266 522 2323 ad
542 2266 662 2341 gradum
674 2268 735 2338 ipse
750 2267 884 2323 cantavit.
913 2264 984 2322 Aliis
1000 2253 1095 2320 exeunti·

90 2351 145 2410 bus
161 2350 195 2409 de
218 2353 349 2424 oratorio,
370 2353 431 2426 ipse
457 2369 529 2425 raro,
552 2353 605 2410 nisi
622 2346 660 2409 e'd
680 2351 887 2425 prandendum,
906 2353 1003 2424 exivit3
1017 2343 1096 2406 esne

91 2437 180 2497 altare
208 2444 325 2496 sanctae
354 2442 445 2496 crucis
466 2438 606 2512 residens,
634 2439 690 2496 11110
718 2439 818 2497 horam
840 2438 929 2497 horae
951 2426 1098 2497 continuuit

90 2525 210 2584 Publice
234 2527 443 2600 poenitentibus
466 2527 507 2583 ita
528 2533 589 2583 erat
609 2532 735 2600 paratus,
756 2532 789 2582 ut
809 2525 971 2599 frequenter
990 2537 1046 2582 cum
1060 2509 1098 2571 'llll

91 2614 120 2670 in
140 2614 250 2689 porticu
272 2611 390 2687 sedens,
408 2612 552 2671 chartulas
572 2612 688 2687 legeret,
710 2611 934 2671 consolationem
950 2601 1100 2684 impenderet

92 2703 251 2759 orationum
264 2699 400 2775 suffragia
414 2700 552 2757 conscribi
561 2693 580 2777 ⁵)
602 2700 716 2758 laceret.
745 2698 855 2756 Tantae
879 2704 939 2758 erat
959 2685 1100 2755 humilitatis

91 2794 124 2846 ut
152 2805 217 2846 cum
239 2789 364 2845 omnium
394 2792 470 2844 esset
497 2803 646 2860 supremus
675 2793 735 2844 tam
756 2791 850 2843 aetate
874 2803 960 2860 quam
982 2777 1101 2865 dignitato

92 2876 217 2949 exceptis
237 2875 397 2949 praecipuis
425 2872 677 2946 sollemnitatibus,
710 2889 822 2946 semper
843 2890 917 2947 pene
938 2873 1028 2930 locum
1045 2862 1102 2922 ebor¹

91 2963 276 3020 novissimum
305 2966 421 3019 teneret.
458 2954 643 3018 ‘Vestimenta
671 2961 731 3017 eius
756 2962 825 3017 satis
847 2966 928 3018 erant
950 2944 1104 3042 despectatt

91 3045 264 3120 humillima,
285 3064 343 3105 non
364 3049 466 3122 grisea,
487 3064 544 3104 non
566 3049 659 3120 varia,
681 3045 732 3104 sed
754 3048 852 3119 ovina,
876 3045 1000 3105 eiusdem
1020 3041 1104 3118 geutssl

91 3134 177 3213 pilleo
185 3128 205 3214 ⁶)
228 3140 318 3192 utens.
360 3132 561 3192 NOVICIUS:
585 3133 661 3208 Quid
683 3132 817 3207 estquod
840 3133 875 3191 de
894 3134 1038 3190 tentoviro
1055 3114 1105 3180 nul·

91 3213 152 3278 lum
180 3221 266 3278 refers
293 3219 483 3279 miraculum?
515 3218 749 3278 MONACHUS:
781 3220 850 3294 Quis
880 3222 970 3278 maior
998 3213 1106 3276 Jebaube

92 3305 243 3382 Baptista?
265 3307 381 3365 Nullum
402 3311 515 3384 signum
536 3308 637 3366 fecisse
649 3306 751 3383 legitur
760 3302 789 3385 ⁷),
811 3307 890 3381 quod
912 3306 946 3364 de
960 3304 1035 3364 Juda
1051 3307 1104 3373 1³1⁰·

112 3459 143 3529 l)
161 3458 243 3510 clerici
261 3460 302 3510 isti
314 3458 370 3510 ideo
389 3459 539 3511 choritne
558 3459 724 3526 appellantur,
742 3460 800 3526 qula
819 3467 893 3509 antea
909 3459 980 3526 quasi
997 3434 1108 3506 histriones

161 3531 270 3583 luerunt.
306 3528 368 3580 Num
396 3530 542 3581 vocabulum
572 3531 726 3580 choritae
757 3527 844 3593 procul
866 3527 942 3579 dubio
966 3519 1108 3576 descendes

162 3599 263 3651 chores.
299 3598 379 3651 Erant
396 3607 479 3650 curtem
499 3608 558 3650 tunc
576 3601 696 3665 temporis
714 3598 849 3649 histriones
869 3607 917 3649 tarn
929 3596 1035 3664 Regibus
1050 3594 1107 3657 quom

162 3668 317 3737 Principibus
335 3668 438 3719 multum
457 3670 560 3736 accepti.
574 3699 603 3708 -
615 3670 647 3736 2)
665 3668 729 3719 nui>
747 3667 912 3719 ecelesiae
931 3682 1006 3717 suae
1022 3660 1108 3732 euiut·

161 3739 238 3792 dum.
255 3764 289 3780 υ-
309 3739 341 3806 3)
365 3737 452 3790 lludd
471 3754 517 3789 co.
537 3769 567 3778 -
587 3739 618 3805 4)
637 3737 657 3790 Ο
675 3739 883 3789 canonice—
903 3737 933 3804 5)
951 3734 1031 3787 Acus
1046 3738 1108 3782 sert·

160 3810 200 3866 bl.
221 3841 252 3853 -
272 3809 304 3882 6)
323 3808 349 3864 id
368 3817 417 3876 est,
431 3807 509 3879 pileo.
525 3807 584 3862 iius
603 3807 718 3877 pullio.
734 3837 765 3849 -
783 3808 817 3874 'ib
833 3806 923 3859 lohsu.
943 3806 983 3870 10,
1000 3805 1040 3856 ll.
