2438 4170
90 231 152 292 aas
235 208 246 235 ¹
403 226 631 290 murmano
654 219 807 306 quorun

90 353 185 428 Quare
216 367 275 410 non
304 366 335 410 es
362 353 392 410 in
419 350 526 411 vinea?
568 351 771 427 Respondente
799 350 865 427 illo,
894 352 1004 411 socium
1030 368 1136 424 meum

87 441 129 498 ibi
149 439 258 515 reliqui,
281 437 428 497 diabolum
448 444 568 515 notans3
591 439 760 514 cellerarius,
781 445 887 514 putans
909 441 975 514 quia
997 438 1032 498 de
1052 457 1135 506 con·

88 543 173 586 servo
195 543 247 585 suo
271 525 385 601 diceret,
406 528 496 584 iratus
517 528 569 585 ait:
590 526 674 586 Vade
697 529 773 601 cito,
795 529 865 601 quia
886 526 962 585 solus
982 541 1040 584 non
1062 535 1131 592 suf.

89 613 149 673 licit
169 613 225 672 ille.
268 613 325 672 Irit
346 631 454 687 servus,
477 620 506 671 et
527 613 674 688 speculam
685 611 710 693 ¹),
733 630 807 689 qnae
831 619 893 672 erat
914 615 1130 696 exnerineam,

91 718 158 760 cum
179 702 257 759 socio
279 699 457 773 ascendens,
479 702 555 759 circa
576 701 702 758 medium
723 702 815 758 noeds
837 706 948 759 motum
968 702 1047 776 quasi
1075 703 1128 765 ho·

91 789 174 846 minis
194 790 268 846 inter
289 789 361 847 vites
383 786 556 845 ambulantis
564 783 584 866 ²)
607 787 763 862 audientes
785 789 826 846 ait
846 789 871 846 is
885 789 1125 863 quempraedicta

89 877 184 950 pactio
206 873 329 933 latebat:
350 873 463 949 Aliquis
486 877 580 933 estin
601 877 693 933 vinea.
736 874 899 949 Respondit
920 875 1003 934 alter:
1033 874 1121 951 Sede,

91 976 144 1038 ega
167 961 339 1020 descendam
361 960 524 1020 stridebo.
566 961 738 1036 Descendit,
770 968 799 1020 et
827 965 943 1020 vineam
969 960 1033 1020 foris
1070 967 1117 1022 eir·

89 1051 195 1123 uniens,
218 1065 284 1107 cunr
304 1048 383 1106 nulla
403 1047 526 1106 hominis
547 1051 787 1125 vestigiainsepe
797 1051 957 1124 reperisset,
979 1049 1114 1109 custodem

88 1152 174 1194 suum
196 1135 297 1195 adesse
319 1137 462 1212 cognovit.
504 1135 592 1194 Mane
610 1138 687 1194 socio
703 1137 798 1194 omnia
812 1138 952 1211 aperiens,
973 1135 1110 1211 cophinum

15 1274 17 1279 .
89 1225 153 1281 uvis
175 1222 309 1281 refertum
338 1222 452 1281 diabolo
480 1239 532 1297 pro
561 1225 652 1298 pretio
682 1221 750 1281 dare
778 1222 895 1297 volens,
928 1225 1005 1282 iuxta
1033 1224 1106 1281 vitem

93 1326 180 1368 unam
201 1309 286 1383 fudit,
314 1307 369 1388 et³)
393 1308 558 1384 discedens,
587 1316 674 1384 atque
703 1326 768 1369 cum
790 1312 869 1368 socio
891 1316 958 1384 post
977 1307 1103 1385 paululum

89 1397 210 1471 rediens,
231 1413 285 1455 neo
307 1414 395 1454 unum
417 1397 457 1454 ibi
478 1414 599 1472 granum
620 1398 733 1472 reperit.
775 1395 978 1456 NOVICIUS:
999 1391 1102 1456 Satisde

2 1554 4 1559 s
91 1483 135 1542 his
157 1480 324 1562 admirari),
354 1483 406 1542 sed
438 1482 482 1542 dic
512 1500 635 1558 quaeso,
668 1482 812 1558 quomodo
842 1486 970 1543 converti
996 1483 1100 1542 volentes

90 1569 255 1645 impediant.
297 1568 532 1629 MONACHUS:
552 1570 687 1629 Referam
708 1571 759 1629 tibi
781 1569 859 1644 quod
881 1571 951 1629 mihi
971 1571 1099 1630 sanctimo-

91 1657 172 1717 nialis
195 1657 338 1733 quaedam
358 1657 461 1732 retulit,
483 1664 585 1717 coacta
606 1675 624 1716 a
645 1674 699 1716 sua
719 1656 885 1716 Abbatissa.
927 1706 930 1713 .

427 1846 659 1919 CAPITULUM
680 1847 790 1908 XLIV.

155 1971 203 2029 Dc
223 1969 364 2046 Eafemia
385 1971 611 2043 sanctimoniali,
634 1989 726 2045 qaam
748 1969 884 2028 diabolas
905 1968 1058 2045 infestavit.
1115 2013 1119 2025 ,

107 2168 110 2175 ,
156 2109 229 2168 Cum
256 2116 332 2168 esset
353 2108 454 2168 eadem
477 2110 698 2168 sanctimonialis
720 2100 816 2183 puella
837 2109 959 2184 parvula
987 2112 1016 2167 in
1037 2108 1106 2166 domo

90 2199 258 2271 patrissui,
289 2196 418 2254 diabolus
446 2196 487 2253 illi
514 2197 629 2269 saepius
657 2199 687 2252 in
721 2196 839 2254 diversis
860 2196 957 2254 formis
979 2195 1110 2254 visibiliter

91 2286 236 2358 apparuit,
267 2290 295 2342 et
319 2290 446 2342 teneram
475 2285 534 2341 eius
563 2288 688 2340 aetatem
717 2283 835 2340 diversis
856 2283 949 2341 modis
972 2285 1066 2341 terruit
1084 2299 1113 2340 ac

91 2373 289 2429 contristravit.
334 2370 414 2446 Quae
450 2388 515 2428 cum
548 2372 690 2428 incurrere
724 2372 863 2428 timuisset
891 2373 1058 2444 amentiam,
1083 2367 1115 2427 ad

90 2456 217 2516 ordinem
238 2463 367 2514 nostrum
389 2459 515 2515 converti
535 2459 691 2530 proposuit,
712 2457 808 2515 verbis
830 2456 1009 2515 voluntatem
1031 2457 1116 2531 expri-

90 2561 178 2602 mens.
221 2544 313 2603 Nocte
342 2543 467 2618 quadam
494 2546 524 2600 in
552 2546 645 2618 specie
674 2545 727 2602 viri
755 2543 885 2602 diabolus
907 2544 947 2601 illi
969 2561 1118 2620 apparens,

90 2633 362 2705 conversionemque
396 2630 564 2688 dissuadens
574 2628 593 2709 ⁵)
623 2632 677 2688 ait:
712 2630 858 2704 Enfemia,
893 2631 952 2689 noli
982 2633 1118 2702 converti,

90 2718 140 2776 sed
162 2721 260 2794 accipe
281 2721 374 2777 virum
395 2720 528 2776 iuvenem
549 2717 770 2792 pulchrumque,
800 2724 833 2775 ut
855 2735 920 2776 oum
941 2718 990 2777 illo
1020 2719 1119 2777 deliciis

89 2805 188 2862 mnndi
208 2807 318 2863 fruaris.
360 2805 465 2864 Vestes
486 2807 561 2861 enirn
582 2807 722 2879 pretiosae
745 2810 774 2862 et
796 2805 903 2863 cibaria
925 2803 1048 2864 delicata
1068 2821 1119 2863 non

90 2891 208 2951 deerunt
229 2892 289 2950 tibi.
333 2891 363 2950 Si
375 2898 472 2950 autom
485 2894 634 2950 intraveris
648 2890 783 2964 ordinem,
810 2909 922 2965 semper
945 2895 1000 2951 eris
1022 2895 1121 2951 misera

90 2985 118 3036 et
139 2982 282 3053 pannosa,
310 2979 429 3052 famem,
451 2980 526 3035 sitim
547 2977 692 3053 frigusque
713 2980 841 3053 patieris,
863 2996 916 3036 nec
939 2997 1068 3054 unquam
1089 2977 1121 3037 de

90 3072 183 3124 cetero
199 3067 272 3124 bene
294 3066 346 3123 tibi
369 3069 420 3123 erit
440 3067 470 3122 in
490 3065 546 3123 hoc
560 3065 684 3123 saeculo.
728 3064 776 3122 Ad
799 3064 875 3139 quod
897 3065 946 3124 illa
963 3065 1120 3140 respondit:

90 3151 166 3227 Quid
195 3152 230 3211 de
252 3170 298 3210 me
324 3160 391 3211 tunc
415 3154 480 3226 erit,
509 3154 582 3209 siin
602 3152 657 3210 illis
680 3152 794 3224 deliciis,
817 3169 888 3225 quas
909 3158 942 3209 tu
964 3153 1034 3210 mihi
1055 3170 1120 3228 pro·

89 3241 184 3312 mittis,
206 3246 318 3298 mortua
339 3238 439 3297 suero?
461 3237 510 3296 Ad
533 3238 609 3313 quod
630 3240 751 3297 verbum
773 3238 903 3296 diabolus
924 3240 1036 3298 nullum
1059 3242 1121 3314 qui-

89 3323 183 3405 demo)
213 3344 380 3401 responsum
407 3325 499 3398 dedit,
527 3325 577 3383 sed
605 3325 731 3400 puellam
758 3326 885 3400 rapiens,
915 3333 944 3384 et
972 3327 1121 3402 usquead

88 3415 239 3472 fenestram
266 3414 361 3472 solarii
389 3415 419 3470 in
441 3430 497 3487 quo
520 3413 633 3471 iacebat
654 3412 820 3487 deportans,
848 3415 1039 3487 praecipitare
1061 3431 1121 3472 eam

89 3502 254 3559 conabatur.
298 3501 378 3576 erae
401 3517 467 3558 cum
489 3500 655 3576 angelicam*
669 3499 870 3558 salutationem
893 3499 1007 3574 diceret,
1029 3503 1121 3558 inimi-

108 3669 138 3734 i]
166 3669 201 3717 sir
228 3667 360 3750 emendavi
387 3667 505 3719 librorum
534 3668 665 3751 lectionem
698 3667 891 3749 speluncam.
920 3697 949 3705 —
979 3668 1012 3735 2)
1039 3665 1121 3748 aaut

155 3739 476 3876 sszzrhseenudns.rq}]3g
492 3737 775 3877 guertiae'nuttdln?
787 3753 951 3858 ll‘nlrrrdlrlum.
969 3738 1001 3805 5)
1020 3737 1040 3788 Β
1058 3737 1120 3786 ὼε·
