2460 4162
1 269 6 278 .
102 206 142 265 82
401 205 629 271 Drsrmc'flo
642 209 828 272 SECUNDA

102 325 170 386 tur?
211 324 448 391 MONACHUS:
469 330 548 391 Audi
568 331 605 391 de
626 332 683 392 boc
703 350 762 393 nou
782 349 887 409 mecm,
905 332 960 395 sed
979 335 1061 396 beati
1073 335 1144 399 Au·

101 414 208 489 gustini
227 419 412 495 sententiam
433 421 475 478 ait
495 422 571 478 enim
591 422 648 478 sic·

450 609 684 670 CAPITULUM
703 611 792 670 XIH.

235 747 317 824 Quid
335 749 521 824 Augustinus
542 753 651 809 sentiat
672 750 709 808 de
728 769 797 809 aera
811 754 1005 826 penaunce„

165 884 197 943 Si
226 887 289 960 quis
317 888 427 961 positus
454 889 484 944 in
512 887 613 946 ultima
638 891 824 964 necessitate,
855 888 979 948 voluerit
1005 893 1142 967 accipere

101 974 319 1047 poenitentiam,
341 980 371 1032 et
391 977 509 1050 accipit,
532 981 561 1034 et
581 992 648 1034 mox
670 976 883 1050 reconciliatur,
910 982 940 1035 et
960 977 1027 1037 binc
1047 978 1141 1054 vadit,

99 1058 191 1117 tatem
208 1060 299 1134 vobis,
320 1075 379 1118 non
398 1061 440 1118 illi
460 1078 599 1138 negamus
622 1062 701 1137 quod
720 1066 800 1138 petit,
821 1062 873 1122 scd
893 1080 952 1122 non
972 1067 1139 1140 praesumi-

101 1162 165 1204 mus
187 1149 254 1221 quia
275 1147 348 1205 bene
368 1147 436 1206 binc
458 1152 524 1207 exit.
566 1149 598 1208 Si
609 1165 726 1207 securus
748 1149 817 1208 binc
832 1153 938 1225 exierit,
960 1168 1014 1228 ego
1027 1154 1139 1212 nescio.

100 1231 309 1291 Pocnitentiam
331 1233 398 1292 dare
419 1250 580 1310 possumus,
602 1239 783 1295 securitatem
804 1253 873 1296 vero
893 1255 961 1296 non.
988 1238 1140 1315 Numquid

101 1316 178 1394 dico,
201 1318 403 1379 damnabitur?
446 1321 505 1380 Sed
525 1339 579 1380 nec
601 1322 681 1397 dico,
701 1323 867 1382 liberabitur
882 1322 908 1404 ¹).
950 1324 1004 1384 Vis
1026 1342 1097 1403 ergo
1118 1344 1140 1386 a

101 1404 188 1466 dubio
216 1406 352 1465 liberari?
394 1407 460 1483 Age
488 1411 708 1484 poenitentiam,
737 1409 806 1468 dnm
834 1428 921 1470 sanus
950 1429 990 1471 es.
1032 1411 1065 1471 Si
1095 1414 1138 1473 sic

100 1496 170 1570 agis,
192 1492 255 1552 dico
269 1495 320 1553 tibi
342 1495 409 1569 qula
430 1511 548 1554 securus
570 1513 610 1570 cs,
632 1499 699 1571 quia
712 1500 915 1572 poenitentiam
928 1500 1018 1575 egisti,
1039 1515 1138 1574 quan-

100 1578 136 1638 do
158 1597 278 1656 peccare
299 1584 426 1657 potuisti.
468 1581 499 1641 Si
521 1577 565 1642 'vis
586 1599 671 1659 agere
692 1586 911 1660 poenitentiam,
939 1584 1054 1661 quando
1076 1589 1138 1646 iam

98 1685 218 1742 peccare
239 1685 297 1727 non
318 1675 409 1744 potes,
430 1676 551 1744 peccata
571 1676 600 1728 te
623 1669 795 1745 dimiserunt,
815 1688 874 1730 non
890 1679 927 1738 ¹tu
947 1672 1005 1730 illa.
1042 1671 1137 1732 Item:

98 1753 184 1814 Duae
206 1773 250 1814 res
271 1762 352 1817 sunt:
376 1763 426 1815 aut
445 1759 601 1833 ignoscitur
622 1758 681 1832 tibi,
702 1764 754 1817 aut
773 1775 832 1816 non
852 1761 1015 1836 ignoscitur.
1047 1758 1138 1836 Quod

100 1840 202 1901 horum
223 1844 275 1902 tibi
296 1843 493 1918 sicimorum,
524 1847 630 1904 neseio.
672 1844 749 1922 Ergo
778 1851 844 1904 tene
873 1853 998 1921 certum,
1024 1846 1138 1907 dimitte

98 1931 236 1988 incertum
247 1927 278 2009 ²).

448 2084 682 2146 CAPITULUM
702 2086 788 2147 XIV.

131 2227 179 2286 De
200 2226 331 2286 Haustus
352 2242 500 2298 oenomao,
523 2229 575 2301 qui
590 2233 747 2301 peccatum
769 2229 925 2288 distulerat
944 2246 1039 2305 aeque
1062 2231 1107 2290 ad

549 2320 682 2372 mortem.

163 2452 267 2512 Dicam
288 2452 341 2510 tibi
361 2447 463 2531 quid³)
493 2457 559 2511 ante
588 2468 697 2527 paucos
725 2469 815 2511 annos
845 2454 963 2529 contigit
988 2455 1018 2512 in
1046 2453 1135 2516 domo

98 2546 203 2598 nostra.
247 2530 409 2598 Conversus
432 2538 548 2614 quidam
569 2537 711 2599 Henricus
732 2542 855 2613 nomine,
876 2540 964 2598 homo
986 2557 1083 2615 senex,
1106 2548 1136 2602 et

97 2626 255 2687 secundum
286 2629 444 2704 ingressum
475 2629 553 2702 prior
580 2629 707 2685 omnium
735 2643 949 2701 conversorum,
980 2634 1136 2702 peccatum

98 2714 244 2791 quoddam
273 2717 466 2789 commiserat,
496 2712 574 2790 quod
601 2731 747 2789 nunquam
768 2713 891 2787 Abbati,
911 2731 1005 2789 neque
1027 2713 1135 2790 Priori,

97 2819 190 2879 neque
212 2798 328 2882 alicni⁴)
359 2802 506 2860 confessus
534 2801 634 2860 suerat.
677 2801 797 2876 Saepius
824 2807 920 2860 tamen
949 2800 1050 2860 solitus
1072 2810 1135 2861 erat

98 2889 239 2964 confiteri,
262 2896 290 2949 ct
310 2889 462 2948 videbatur
482 2889 565 2947 nobis
587 2889 733 2962 omnibus,
756 2887 834 2962 quod
854 2890 898 2946 vir
918 2893 1034 2946 sanctus
1055 2895 1135 2949 esset

97 2982 125 3037 ct
153 2976 275 3034 multum
295 2976 452 3052 religiosus.
496 2975 569 3034 Cum
589 2977 648 3033 iam
668 2978 697 3032 in
719 2977 851 3034 extremls
871 2974 1033 3049 laboraret,
1053 2975 1134 3036 idern

95 3070 246 3141 peccatum
276 3061 390 3122 domino
411 3060 541 3136 Danieli,
568 3069 637 3120 tunc
658 3062 748 3120 Priori
769 3069 880 3136 nostro,
910 3061 1056 3121 consessus
1079 3069 1134 3123 est

95 3148 133 3209 lit
161 3152 234 3210 sicut
255 3150 338 3208 nobis
364 3154 465 3225 postea
486 3148 594 3224 retulit,
626 3155 658 3206 nt
686 3166 739 3207 nos
769 3155 869 3208 cautos
896 3147 1042 3223 redderet,
1069 3154 1133 3210 tarn

95 3254 184 3309 grave
197 3243 259 3296 (erat
271 3243 432 3311 peceatum,
446 3235 523 3310 quod
536 3238 650 3294 omnino
663 3235 814 3294 damnatus
826 3235 933 3309 fuisset,
947 3237 971 3294 sl
985 3237 1133 3297 tacuisset

95 3322 296 3383 NOVlClUS=
319 3322 395 3398 Quid
416 3325 503 3381 sentis
525 3321 560 3381 de
582 3322 739 3382 salvatione
760 3322 845 3381 huius
866 3321 1008 3381 hominis?
1051 3322 1134 3383 MO-

94 3408 269 3470 NACllUS:
291 3408 371 3469 Sicut
392 3408 587 3485 Augustinum
608 3409 672 3486 lego
694 3412 831 3468 sensisse:
864 3409 894 3468 Si
916 3411 1045 3468 contritio
1068 3412 1132 3471 eius

93 3498 145 3556 luit
165 3498 193 3555 ln
216 3498 341 3570 cariata,
363 3495 490 3555 salvatus
513 3503 571 3571 est3
595 3499 766 3570 sinautem,
789 3495 948 3555 damnatus.
987 3496 1044 3573 Qui
1064 3514 1131 3558 sero

93 3586 233 3660 poenitet,
266 3590 378 3658 oportet
403 3600 461 3642 non
494 3583 587 3642 solum
618 3586 719 3643 timere
750 3582 887 3658 iudicem,
920 3582 971 3642 sed
1004 3583 1132 3659 diligero.

113 3717 181 3787 1)c
205 3716 400 3770 salvabitur.
421 3746 451 3757 -
479 3716 511 3784 2)
530 3717 662 3785 Augustin.
689 3717 768 3770 Serui.
793 3716 852 3770 39³.
872 3747 903 3757 -
929 3717 961 3785 3)
987 3716 1008 3769 B
1031 3718 1130 3785 quod.

162 3820 193 3828 —
213 3788 245 3857 l)
264 3788 329 3840 lorto
347 3787 447 3840 alicui
465 3787 694 3840 confessorum.
