2460 4162
425 233 480 294 DE
500 231 770 294 DAEMONIBUS.
1051 232 1113 292 299

72 374 129 421 sue
150 362 202 419 est
218 360 249 417 ot
269 355 451 430 combustus,
472 354 640 432 sacrilegam
662 373 698 415 ex
720 354 874 416 euincere
895 354 1012 415 volebat
1033 373 1120 416 com-1
1144 390 1147 395 ·

73 446 252 518 munionem,
272 449 305 503 ut
317 443 374 502 suis
388 445 523 502 viaticum
541 442 621 501 fieret
632 438 648 522 ¹)
670 441 708 500 ad
730 448 875 501 aeternam
894 442 1115 502 damnationem.

73 533 155 593 Nam
175 530 292 607 qrridam
306 527 409 588 Abbas
422 528 569 604 Hispanus
586 528 690 587 ordinis
711 531 800 587 nostri
822 546 873 604 per
893 545 945 587 nos
967 533 1116 604 transiens,

76 620 131 695 qui
150 617 222 677 cum'
237 616 381 692 Episcopo
411 620 441 674 et
461 615 655 674 Ecclesiarum
676 610 810 690 p'raelatis
833 615 961 674 ciusdem
981 615 1115 676 haeretici

75 720 189 765 errores
206 703 360 778 damnavit,
383 719 449 762 eum
465 701 569 760 dixisse
585 695 734 776 referebat,
756 701 832 776 quod
853 705 975 761 rusticus
997 703 1116 777 quilibet

75 793 108 850 in
122 806 221 850 mensa
235 806 296 864 sua,
319 788 397 848 etde
414 805 489 863 pane
511 805 563 846 suo
586 805 643 862 quo
665 794 835 863 vesceretur,
857 788 996 848 conficere
1017 797 1116 864 posset

76 893 183 953 corpus
208 875 319 935 Christi.
361 876 432 934 Erat
461 877 535 934 euim
565 875 642 932 idern
670 874 839 933 maledictus
867 875 948 933 saber
974 876 1116 934 serrarius.

75 961 281 1023 NOVICIUS:
305 961 381 1037 Quid
395 978 462 1037 ergo
479 967 576 1020 actum
589 969 632 1019 cst
654 960 689 1020 dc
711 960 861 1021 haereticis
877 961 1114 1021 Coloniensibus'?

76 1046 313 1109 MONAGHUS:
333 1048 423 1107 Ducti
438 1054 504 1106 sunt
526 1054 605 1106 extra
628 1049 780 1121 civitatem,
802 1054 830 1106 et
847 1050 927 1107 iuxta
949 1051 1115 1107 cimiterium
1194 1080 1201 1117 1

76 1134 257 1198 Judaeorum
280 1135 364 1193 simul
383 1136 414 1193 in
434 1137 529 1210 ignem
551 1136 637 1193 missi.
681 1133 737 1208 Qui
759 1150 825 1193 cum
845 1133 952 1193 fortiter
974 1135 1116 1209 arderent,

77 1221 177 1299 multis
189 1221 350 1280 videntibus
364 1229 393 1280 et
407 1220 594 1294 audientibus,
609 1219 754 1278 Arnoldus
769 1222 908 1279 semiustis
917 1217 937 1300 ²)
960 1221 1114 1296 discipulo·

78 1326 145 1369 rum
160 1307 300 1384 capitibus
313 1325 430 1365 manum
448 1310 605 1381 imponens,
626 1309 681 1365 ait:
704 1306 873 1366 Constantes
897 1314 987 1367 estote
1008 1311 1037 1366 in
1058 1308 1115 1368 fide

78 1401 193 1468 vestra,
221 1395 289 1469 quia
315 1392 400 1452 hodie
428 1395 503 1452 eritis
534 1410 599 1451 curn
619 1393 789 1470 Laurentio,
817 1411 881 1453 cunr
908 1401 1004 1453 tamen
1032 1397 1116 1454 nimis

79 1480 276 1541 discordarent
307 1497 326 1539 a
357 1480 414 1538 fide
445 1479 599 1539 Laurentii.
650 1479 723 1538 Cum
753 1486 827 1539 esset
855 1483 928 1539 inter
955 1499 1005 1540 eos
1033 1484 1114 1558 virgo

79 1567 224 1644 quaedam
244 1568 389 1642 speciosa,
412 1566 462 1625 sed
483 1566 641 1640 haeretica,
659 1573 696 1624 xet
718 1566 895 1640 quorundam
918 1571 1114 1643 compassione

78 1655 118 1715 ab
140 1655 206 1731 igne
227 1654 389 1727 subtracta,
410 1654 632 1728 promittentium
641 1649 671 1733 ³),
693 1655 760 1728 quia
781 1653 828 1711 vel
850 1670 914 1712 carn
934 1657 995 1713 viro
1018 1654 1115 1714 trade·
1201 1656 1203 1663 '

77 1746 151 1815 rent,
172 1738 219 1799 vel
240 1741 265 1798 si
286 1739 341 1798 hoc
362 1742 454 1815 magis
475 1738 607 1814 placeret,
629 1741 657 1796 in
679 1742 850 1798 monasterio
872 1742 1013 1816 virginum
1034 1741 1114 1801 loca-

77 1833 151 1902 rent,
172 1843 239 1886 cum
267 1826 356 1885 verbo
378 1835 461 1886 tenus
485 1827 687 1900 consensisset,
712 1828 770 1885 iarn
792 1829 936 1885 exstinctis
957 1827 1116 1901 haereticis,

77 1914 243 1974 tenentibus
275 1929 307 1971 se
344 1912 426 1970 dixit:
459 1911 554 1971 DicIte
583 1912 665 1986 mihi,
703 1913 753 1971 nbi
779 1914 853 1972 iacet
882 1913 1014 1972 seductor
1046 1913 1115 1974 ille?

78 1998 212 2075 Cumque
234 2000 260 2058 ei
282 1998 523 2058 demonstrassent
543 2001 709 2074 magistrum
731 1997 906 2074 Arnoldum,
926 2017 961 2058 ex
983 2002 1114 2060 manibus

77 2086 193 2147 illorum
215 2085 327 2160 elapsa,
355 2084 427 2144 facie
449 2092 530 2144 veste
551 2090 642 2160 tecta,
664 2102 749 2160 super
771 2088 900 2145 exstincti
922 2104 1024 2162 corpus
1046 2090 1113 2163 ruit,

78 2179 197 2234 etcum
218 2172 266 2231 illo
288 2174 318 2229 in
338 2164 479 2231 infernum
499 2177 636 2248 perpetuo
661 2189 760 2230 arsura
783 2172 936 2233 descendit.
969 2218 971 2225 ,

412 2362 644 2422 CAPITULUM
670 2358 784 2443 XXi).

225 2485 273 2542 Dc
301 2485 413 2543 baereat
441 2485 624 2543 Voldosiono
644 2488 676 2543 iu
698 2489 814 2544 unitate
835 2485 966 2545 Metensi.

144 2623 250 2683 Paucis
270 2625 351 2681 annis
368 2622 480 2698 elapsis,
502 2623 556 2682 sub
576 2623 719 2698 Episcopo
737 2624 925 2699 Bertrammo,
947 2626 1008 2683 viro
1029 2623 1114 2684 valde

77 2706 201 2785 literato,
223 2716 285 2769 orta
307 2715 350 2768 est
363 2709 490 2768 haeresis
505 2708 680 2769 Valdosiana
692 2712 721 2767 in
737 2712 850 2769 civitate
872 2710 994 2769 Metensi
1005 2705 1036 2789 ⁴),
1057 2710 1114 2770 hoc

77 2795 175 2855 modo.
213 2794 286 2854 Cum
314 2797 390 2866 idern
411 2794 539 2854 Antistes
567 2798 596 2854 in
624 2796 777 2855 festivitate
805 2797 928 2872 quadarn
956 2797 1063 2872 populo
1084 2799 1113 2855 iu

78 2882 202 2943 ecclesia
213 2878 234 2962 ⁶)
255 2883 456 2959 praedicasset,
478 2882 550 2940 dnos
564 2882 692 2941 homines
707 2885 848 2942 ministros
862 2883 967 2942 diaboli
988 2886 1016 2941 in
1030 2883 1115 2942 turba

78 2974 157 3029 stare
178 2971 363 3044 conspiciens,
385 2970 437 3026 ait:
459 2967 552 3028 Video
573 2970 646 3028 intcr
666 2986 720 3028 vos
740 2972 860 3039 nuncios
882 2969 995 3028 diaboli.
1038 2970 1114 3030 Ecce

77 3052 120 3114 ilii
141 3060 223 3128 sunt,
252 3055 340 3132 digito
363 3072 412 3114 eos
435 3053 587 3113 ostendens
599 3051 634 3135 ⁶),
657 3057 705 3130 qni
726 3073 772 3116 me
793 3063 942 3131 praesente
962 3059 992 3113 in
1014 3056 1114 3117 Monte

77 3139 238 3201 Pessulano
252 3139 271 3223 ⁷)
304 3148 419 3218 propter
447 3141 581 3199 haereses
611 3141 736 3201 damuati
765 3149 831 3203 snut
859 3150 888 3202 et
917 3145 1008 3202 eiecti.
1058 3143 1115 3220 Qui

77 3225 224 3304 Episcopo
246 3228 342 3287 durius
364 3227 576 3303 responderunt,
598 3227 738 3288 habentes
759 3232 788 3288 in
803 3226 937 3289 comitatu
959 3246 1013 3288 sno
1027 3231 1114 3290 scho-

77 3311 184 3389 larem,
218 3316 266 3389 qni
298 3331 377 3374 merc
407 3316 506 3373 canino
529 3320 627 3374 contra
662 3333 728 3374 eum
748 3316 886 3392 latrabat,
917 3318 1023 3374 iniuriis
1048 3333 1114 3376 eum

77 3397 292 3482 manusb.
333 3400 450 3478 Egressi
470 3417 538 3460 vero
561 3401 755 3478 deecclesia,
786 3402 994 3463 multitudinem
1016 3403 1114 3479 populi

98 3584 129 3653 1)
147 3583 187 3638 GP
203 3584 302 3637 tieret
319 3586 472 3638 viaticum
491 3586 621 3655 -2J130
639 3589 822 3641 semiustus.
838 3586 967 3657 -3)uc
984 3589 1114 3656 proruit-

148 3655 304 3707 tentibus.
324 3685 355 3695 -
374 3656 406 3724 *J
427 3656 515 3708 llouil.
534 3655 552 3707 l.
571 3672 595 3723 p.
615 3657 672 3709 138.
693 3687 722 3698 -
742 3659 774 3727 4)
793 3659 864 3710 licta
884 3689 914 3698 —
934 3658 965 3725 5)
984 3661 1009 3709 in
1026 3658 1114 3710 llorni-

148 3722 182 3775 lia
198 3722 282 3783 addit,
309 3727 417 3776 saneti
440 3725 604 3794 Stephani.
624 3755 654 3766 -
680 3727 712 3795 6)
734 3727 754 3778 Β
781 3726 1010 3779 demonstrans.
1031 3756 1062 3767 -
1081 3727 1133 3795 7)-

148 3792 355 3861 lloutpallier.-
367 3794 427 3864 BJP
439 3795 638 3861 lacescicns,
654 3796 916 3863 Glaccssicns,ll
934 3796 1112 3850 lacescens.
