2460 4162
426 248 481 312 DE
506 246 776 314 DAEMONIBUS.
1058 255 1119 314 301

79 372 219 452 quiequid
239 372 372 434 beneficii
393 376 512 433 mortuis
534 393 552 434 a
573 375 646 434 vivis
667 374 839 450 impenditur
858 372 988 450 irrident3
1020 374 1061 434 ire
1082 373 1121 434 ad

80 461 227 536 ecclesias,
247 460 297 520 rel
316 463 344 519 in
368 463 408 520 eis
430 478 527 536 orare,
548 460 617 519 nihil
639 461 736 520 dicunt
757 461 901 536 prodesse.
943 460 978 518 In
999 459 1044 518 his
1066 459 1120 520 de·

80 549 199 608 teriores
221 554 288 607 sunt
297 545 418 607 Judaeis
433 554 461 607 et
470 550 600 624 paganis,
622 545 711 627 quia¹)
732 547 918 606 illacredunt
939 547 1120 622 Baptismum

81 636 264 710 abiecerunt3
319 642 529 693 sacramentum
587 637 712 708 corporis
757 640 786 693 et
822 635 966 709 sanguinis
1017 633 1120 692 Christi

80 721 293 796 blasphemant
335 718 538 780 NOVICIUS:
563 719 603 779 Ut
624 721 691 795 qnid
713 726 807 779 tantas
829 738 847 778 a
868 720 999 778 fidelibus
1020 736 1120 794 perse-

83 810 213 868 cutiones
233 809 388 880 sustinent,
420 809 445 865 si
466 807 535 864 nihil
556 823 591 864 ex
613 807 668 865 hoo
690 809 719 864 in
740 807 833 864 futuro
855 808 1045 865 retributionis
1068 823 1121 864 ex·

82 891 235 970 spectant?
278 892 511 952 MONACHUS:
540 891 668 952 Gloriam
697 895 810 967 spiritus
840 886 937 952 dicunt
962 910 994 952 se
1017 909 1120 967 exspe-

84 987 171 1041 ctare.
215 979 338 1056 Quidam
360 979 588 1054 supradictorum
616 978 765 1038 Abbalum
795 979 969 1053 monachus,
1002 996 1129 1038 cerneus

83 1067 228 1142 quendam
249 1066 367 1124 militem
394 1067 424 1124 in
452 1082 527 1140 equo
556 1065 703 1124 sedentem
730 1065 809 1140 loqui
831 1083 896 1124 cum
918 1072 1029 1124 aratore
1051 1081 1121 1140 suc,

81 1153 259 1212 haereticum
278 1151 358 1210 illum
380 1155 548 1226 aestimans,
570 1154 644 1210 sicut
664 1151 731 1226 fuit,
759 1154 875 1227 propius
896 1152 1035 1211 accedens
1066 1153 1120 1210 ait:

81 1238 179 1311 Dicite
199 1238 277 1313 mihi,
298 1239 388 1313 probe
409 1240 461 1312 vir,
484 1241 564 1297 cuius
587 1244 630 1298 est
642 1254 710 1314 ager
730 1237 806 1297 iste?
838 1237 1041 1313 Respondente
1061 1237 1119 1312 illo,

83 1342 167 1384 meus
195 1332 253 1401 est3
281 1325 417 1383 subiecit:
444 1324 483 1383 Et
511 1323 580 1400 qnid
607 1325 642 1383 de
671 1325 764 1383 iructu
791 1324 865 1383 illius
886 1323 999 1383 iacitis‘?
1041 1323 1124 1400 Egor

82 1413 191 1487 inquit,
224 1418 253 1470 et
279 1411 386 1469 familia
413 1427 479 1470 mea
507 1411 543 1470 dc
574 1428 607 1470 eo
629 1413 767 1486 vivimus,
799 1410 906 1485 aliquid
928 1413 1013 1470 etiam
1035 1426 1122 1487 erogo

82 1499 266 1574 pauperibus.
287 1497 408 1556 Dicente
422 1498 572 1571 monacho,
591 1497 739 1573 quidboni
755 1500 875 1573 speratis
889 1497 924 1556 de
940 1498 1123 1572 eleemosyna

82 1583 156 1644 illa?
183 1583 329 1659 respondit
355 1583 437 1643 miles
459 1584 515 1642 hoc
536 1586 671 1643 verbum:
701 1583 741 1643 Ut
762 1586 875 1659 spiritus
896 1601 977 1643 meus
998 1583 1121 1659 gloriose

82 1676 186 1748 pergat
212 1676 279 1746 post
306 1677 436 1729 mortem.
485 1670 568 1729 Tunc
596 1670 768 1729 monachus:
802 1670 866 1746 Quo
897 1669 1018 1746 perget?
1069 1669 1121 1728 Ait

82 1756 181 1816 miles:
203 1756 367 1816 Secundum
387 1758 520 1816 meritum
541 1775 634 1815 suurn.
677 1756 708 1816 Si
729 1757 803 1815 bene
815 1759 894 1830 vixit,
916 1762 945 1814 et
965 1756 1020 1814 hoc
1041 1755 1120 1831 apud
1160 1792 1166 1804 ι

82 1843 181 1903 Deum
202 1839 353 1924 mentiti),
382 1845 479 1901 exiens
501 1843 536 1900 de
558 1860 675 1917 corpore
697 1858 775 1917 meo,
803 1844 919 1901 intrabit
940 1860 1042 1917 corpus
1065 1842 1120 1901 ali·

83 1932 166 1990 euius
185 1929 273 1988 futuri
292 1929 446 2004 Principis,
468 1932 528 1988 sive
550 1929 653 2005 Regis,
675 1929 722 1988 vel
744 1928 858 1988 alterius
880 1929 1031 1988 cuiuslibet
1051 1946 1120 2004 per·

82 2033 171 2077 sonae
192 2016 306 2074 illustris
319 2012 349 2095 ³),
366 2018 399 2079 in
421 2032 478 2091 quo
501 2015 661 2090 delicietur3
683 2017 708 2074 si
725 2022 821 2074 autem
843 2015 925 2089 male,
948 2032 1051 2090 corpus
1072 2018 1120 2075 in·

82 2104 171 2163 trabit
191 2104 286 2161 miseri
306 2104 505 2177 pauperisque‚
526 2105 555 2160 in
577 2119 633 2177 quo
659 2102 817 2161 tribuletur.
861 2101 987 2160 Credidit
1007 2102 1120 2176 stultus,
1170 2168 1178 2181 „

82 2191 158 2250 sicut
185 2195 214 2248 et
243 2191 327 2248 ceteri
356 2188 524 2262 Albianum,
564 2189 641 2264 quod
670 2190 765 2246 anima
792 2189 948 2247 seeundum
987 2192 1119 2247 meritum

82 2281 210 2336 transeid
236 2292 288 2350 per
318 2274 430 2333 diversa
452 2292 569 2350 corpora
581 2270 617 2353 ⁴),
650 2277 735 2333 etiarn
763 2275 928 2333 animalium
949 2281 1035 2350 atque
1057 2292 1119 2334 ser-

81 2357 243 2440 postumi.
293 2359 496 2424 NOVICIUSt
524 2361 623 2420 Foeda
644 2361 779 2420 haeresis.
822 2360 1055 2421 MONACHUS:
1083 2361 1119 2419 In

82 2457 196 2509 tanum
217 2449 292 2508 enim
304 2446 484 2506 Albiensium
496 2464 572 2506 error
588 2447 715 2522 invaluit,
737 2453 769 2505 ut
790 2448 871 2506 brevi
883 2447 1031 2506 intervallo
1043 2455 1119 2507 tem-

80 2537 160 2613 poris
180 2534 307 2594 iniecerit
328 2551 419 2608 usque
441 2532 479 2592 ad
492 2534 568 2593 mille
583 2537 721 2607 civitates,
743 2540 772 2592 et
791 2526 817 2593 'si
837 2551 894 2592 non
908 2535 1006 2593 fuisset
1017 2534 1118 2609 gladiis

80 2621 209 2682 fidelium
237 2637 382 2695 repressus
394 2615 429 2699 ⁶),
458 2626 528 2694 puto
557 2621 634 2695 quod
656 2627 746 2678 totam
766 2621 911 2696 Europam
941 2623 1118 2696 corrupisset

80 2707 169 2768 Anno
195 2707 312 2767 Domini
340 2706 488 2765 millesimo
519 2706 724 2765 ducentesimo
742 2706 852 2765 decimo
881 2707 1045 2783 praedicata
1074 2714 1119 2766 est

81 2793 345 2855 conuaAlbienses
365 2796 395 2850 in
416 2799 478 2851 tota
490 2788 662 2852 Alemannis
683 2800 711 2852 et
723 2793 845 2851 Francia
867 2811 943 2866 crux,
966 2800 994 2853 et
1015 2810 1118 2852 ascen-

80 2881 185 2941 derunt
221 2885 320 2939 contra
356 2896 405 2938 eos
433 2896 509 2938 anno
537 2882 666 2954 sequenti
700 2879 735 2938 de
768 2878 939 2938 Alemannis
970 2879 1118 2955 Lupoldus

79 2968 151 3027 Dux
171 2965 321 3038 clusiriae,
349 2965 531 3041 Engilbertus
560 2972 627 3025 tunc
648 2966 849 3041 Praepositus,
873 2973 974 3041 postea
994 2965 1118 3026 Archic-

79 3056 216 3131 piscopus
231 3051 414 3125 coloniensis,
438 3058 466 3110 et
487 3052 573 3110 frater
592 3054 653 3111 eius
668 3051 820 3128 Adelphus
835 3052 938 3111 Comes
961 3052 995 3112 de
1009 3052 1118 3127 Monte,

80 3139 253 3199 Wilhelmus
277 3137 380 3197 Comes
401 3137 583 3212 Juliacensis,
606 3145 634 3196 et
655 3138 702 3196 alii
723 3139 806 3197 multi
827 3140 954 3198 diversae
977 3139 1118 3199 conditio·

78 3226 124 3286 nis
145 3232 232 3301 atque
254 3225 406 3300 dignitatis.
449 3223 546 3283 Simile
566 3231 663 3282 aetum
686 3231 730 3283 est
750 3227 779 3282 in
793 3225 922 3298 Francia,
943 3226 1119 3287 Nomannia

77 3322 167 3389 atque
188 3312 319 3371 Pictavia
332 3308 361 3391 ¹)
403 3311 515 3369 Horum
544 3313 670 3369 omnium
698 3311 877 3386 praedicator
899 3319 928 3370 et
950 3319 1036 3388 eaput
1057 3320 1118 3372 erat

78 3397 225 3459 Amoldus
257 3396 360 3457 Abbas
393 3396 606 3472 cisterciensis,
637 3403 739 3473 postea
769 3396 1010 3474 Archicpiscopus
1041 3399 1117 3459 Nar·

98 3600 130 3668 ¹)
148 3599 1056 3738 {teotgaudiuaspR)evtrxilelrnr:‘Esnbzgrggzraibuzeffliinl’psfigssr
1070 3601 1117 3720 dd-

148 3753 246 3791 verua
264 3747 414 3791 transcat
436 3754 582 3806 corpora.
597 3768 627 3778 -
642 3739 674 3806 5)
692 3738 755 3791 Aue
778 3740 989 3805 serpentium.
1002 3740 1078 3806 -6)
1095 3738 1115 3789 Β

147 3807 262 3877 gladio
279 3824 454 3876 repressus
471 3807 629 3860 fidolium.
650 3836 679 3848 ·-
700 3807 847 3876 7J1’oitou.

76 4092 121 4121 Ιἐι..
137 4090 176 4121 διό
