2438 4170
429 221 484 282 nn
507 220 789 301 OONVERSIONE.
1082 227 1120 283 21

89 345 218 406 crebrius
239 340 413 423 vocitavit').
457 345 558 405 Scissis
581 347 666 406 etiarn
688 345 789 405 catulis
811 363 911 406 earnes
939 344 1051 406 illorum
1073 363 1124 407 ca-
1162 391 1163 395 ,

88 432 177 507 lidae,
211 435 294 510 quasi
314 448 366 508 pro
387 433 528 508 remedio,
556 435 641 508 capiti
662 435 722 492 eius
744 433 821 492 nudo
843 436 1052 510 imposuerunt,
1073 433 1125 494 scd

89 519 161 579 nihil
181 522 209 579 ei
228 520 404 596 profuerunt
445 519 511 580 Non
533 523 608 578 enim
629 514 760 596 poterant
788 538 888 581 earnes
915 521 1024 581 rabiem
1032 518 1052 601 ²)
1076 539 1124 581 sa·

90 624 174 682 nare,
201 624 326 684 poenam
354 609 522 683 apostasiae.
564 606 644 667 Audi
666 613 695 666 et
715 607 793 667 aliud
822 607 984 685 exemplum
1011 608 1047 668 de
1069 608 1124 667 alio

91 695 213 754 novicio.
725 703 731 730 ¹
896 717 899 724 ·

452 881 683 944 cnrrroncnr
703 883 772 944 xv.
818 856 827 877 “
946 946 951 961 ,

105 1005 155 1064 De
175 1005 322 1065 hmreaolu
342 1011 437 1064 morte
457 1006 639 1065 Benacconis
660 1009 774 1079 noviei,
797 1013 825 1065 et
847 1007 929 1082 quod
947 1023 1010 1065 aon
1030 1007 1116 1065 liceat

204 1148 206 1155 ,
263 1095 390 1176 ‚accidis
410 1093 505 1152 redire
527 1093 569 1151 ad
587 1095 737 1173 socculum
754 1100 825 1169 post
844 1100 955 1153 cotum.
1014 1168 1019 1178 Ι

160 1230 243 1290 Miles
278 1230 395 1306 quidam
422 1230 720 1306 Bonnam-nomine,
755 1231 790 1290 de
830 1231 898 1291 villa
934 1229 1126 1307 Palmirsdorp

94 1318 244 1395 oriundus,
275 1335 388 1377 mecum
416 1319 639 1393 inprobatione
668 1321 797 1377 novicius
805 1315 826 1398 ³)
848 1318 915 1392 fuit,
947 1321 991 1377 vir
1013 1317 1128 1395 quidem

93 1402 219 1484 aetate⁴)
250 1404 444 1482 grandaevus,
473 1405 525 1464 sed
554 1408 629 1465 circa
656 1408 834 1481 propositum
865 1405 1007 1482 religionis
1034 1406 1128 1463 minus

94 1493 226 1553 devotus.
268 1491 367 1552 Multis
387 1492 479 1551 modis
500 1499 625 1551 tentatus
648 1496 726 1552 etin
747 1495 903 1552 tentatione
924 1495 1033 1566 victus,
1062 1509 1128 1551 oum

92 1598 154 1640 non
176 1581 368 1654 acquiesceret
390 1576 536 1659 oonsilb‘)
556 1585 689 1654 fratrum,
722 1581 796 1639 sicut
818 1582 895 1638 canis
916 1579 954 1638 ad
975 1581 1128 1652 vomitum,

93 1669 137 1728 aio
160 1663 271 1746 miser⁶)
293 1684 424 1726 reversus
447 1672 490 1725 est
511 1666 549 1725 ad
570 1666 723 1726 saeculum.
767 1666 901 1726 Secunda
922 1669 986 1725 viee
1007 1666 1037 1724 id
1055 1667 1129 1725 aeti-

93 1762 180 1828 tans,
201 1760 373 1830 praeventus
394 1752 570 1829 irrliruritate,
597 1756 626 1811 in
649 1752 734 1812 domo
755 1755 869 1829 propria
889 1755 919 1810 in
939 1753 1041 1814 habitu
1062 1769 1129 1812 sae-

96 1841 186 1904 culari
217 1840 291 1900 diem
320 1841 421 1900 clausit
450 1847 620 1915 extremum,
651 1839 763 1898 nullum
789 1842 980 1916 poenitentiae
1009 1840 1151 1899 demon-⁴

95 1935 190 1990 atram
210 1927 354 1987 indicium.
397 1928 453 2004 Qui
475 1945 540 1986 cum
561 1935 726 2001 moreretur,
748 1933 843 1986 tantus
855 1927 907 1985 fuit
924 1930 999 1986 circa
1014 1926 1131 1986 domum

95 2016 183 2076 flatus
203 2022 368 2090 ventorum,
395 2021 476 2075 tanta
496 2033 581 2092 super
602 2021 710 2074 tectum
730 2014 882 2073 multitudo
905 2032 1068 2090 corvorum,
1099 2021 1132 2073 ut

97 2109 220 2179 excepta
239 2120 298 2161 una
319 2102 417 2161 vetula
438 2119 537 2162 omnes
560 2102 595 2162 de
618 2101 702 2162 domo
724 2104 812 2161 territi
825 2099 844 2182 ⁷)
866 2102 996 2178 lugerent
1017 2108 1047 2160 et
1066 2119 1132 2160 mo-

95 2193 218 2251 rientem
238 2189 409 2249 desererent.
451 2189 528 2248 Eece
550 2189 628 2265 quali
648 2195 738 2249 morte
760 2190 935 2264 moriuntur,
958 2191 1006 2265 qui
1027 2206 1046 2248 a
1066 2189 1132 2248 Deo

96 2276 242 2338 recedunt
285 2274 488 2336 NOVICIUS:
520 2276 595 2336 Puto
625 2280 692 2352 quia
724 2277 809 2336 flatus
841 2275 889 2334 ille
917 2283 1068 2335 ventorum
1105 2282 1134 2336 ct

95 2365 184 2425 narba
206 2365 402 2423 crocitantium
424 2379 573 2422 corvorum
594 2364 711 2423 evidens
731 2360 840 2443 luerit⁸l
862 2364 976 2440 signum
996 2379 1133 2439 praesen-

96 2454 157 2512 tiae
186 2449 408 2510 daemoniorum.
451 2448 687 2510 MONACHUS:
715 2451 805 2510 Plane
833 2453 875 2510 ita
903 2457 961 2527 est3
990 2453 1030 2509 ait
1059 2453 1135 2510 enim

97 2537 245 2600 Salvator:
277 2538 373 2597 Nemo
394 2540 510 2596 mitteres
531 2556 656 2597 mactum
682 2538 725 2596 od
751 2545 890 2597 aratrum
923 2545 950 2597 et
982 2540 1135 2613 respiciam

97 2633 190 2698 satec,
214 2631 301 2700 uptccs
324 2631 366 2683 est
386 2642 478 2698 cepae
501 2626 649 2684 coeloram
657 2620 689 2703 9)
724 2624 808 2684 Miles
830 2626 893 2699 iste,
915 2627 983 2700 quia
996 2641 1048 2700 per
1061 2641 1135 2699 apo·

97 2714 219 2774 atasiam
245 2708 322 2771 retro
353 2714 492 2786 respexit,
526 2710 561 2770 de
591 2710 675 2788 culpa
703 2729 761 2770 non
787 2712 973 2787 poenitendo,
1001 2712 1136 2770 ministris

98 2800 249 2879 gehennae
271 2799 308 2858 de
329 2816 361 2857 se
380 2795 409 2877 ¹⁰)
430 2797 568 2875 gaudium
587 2798 661 2857 fecit.
704 2796 907 2858 NOVICIUS:
939 2798 971 2858 Si
992 2804 1072 2857 tanta
1093 2804 1137 2858 est

100 2886 189 2962 culpa
209 2888 322 2947 novicio
340 2881 369 2965 ¹¹)
390 2884 481 2944 redire
502 2885 540 2944 ad
561 2885 722 2960 saeculum,
752 2884 820 2960 quid
849 2892 893 2944 est
921 2885 999 2961 quod
1020 2891 1137 2946 sauctus

100 2973 276 3034 Benedictus
297 2973 451 3048 praecepit,
472 2979 505 3031 ut
525 2971 652 3048 perlecta
671 2971 771 3048 regula
791 2974 903 3031 novicio
915 2975 946 3031 in
963 2973 1036 3032 haee
1047 2974 1137 3032 verba

100 3061 230 3121 dicatur:
257 3060 334 3119 Ecce
362 3058 409 3119 lex
436 3060 490 3118 sub
513 3077 571 3135 qua
591 3059 711 3118 militare
733 3061 791 3118 vis:
820 3061 845 3117 si
865 3065 947 3135 potes
970 3061 1137 3135 observare,

99 3147 264 3226 ingredere3
293 3148 395 3205 sinon
416 3153 511 3223 potes,
539 3146 612 3206 liber
633 3144 769 3205 discede?
811 3145 1047 3206 MONACHUS:
1069 3147 1137 3208 Ma-

101 3234 169 3296 vult
187 3239 303 3294 sauctus
324 3239 405 3310 pater
425 3236 498 3293 inter
519 3233 575 3292 duo
597 3233 674 3293 mala
689 3231 717 3314 ¹²)
741 3235 885 3292 novicium
908 3232 1053 3293 discedere
1062 3240 1139 3295 tem-

122 3383 157 3453 1)
174 3381 194 3436 G
211 3384 339 3450 saepius
356 3384 508 3450 vocabat,
525 3385 546 3437 B
564 3385 728 3438 celebrius
745 3384 976 3437 nominavit·
996 3386 1028 3454 2)
1047 3387 1083 3437 sic
1100 3385 1139 3437 le-

177 3452 299 3521 gendum,
322 3470 375 3506 nou
398 3455 549 3519 rabidae,
575 3465 603 3507 ut
629 3455 748 3508 exhibent
773 3455 838 3506 libri.
882 3454 939 3506 lllox
956 3453 996 3507 BP
1023 3454 1138 3508 sedare

177 3537 324 3589 poenam,
340 3523 361 3576 0
377 3526 494 3578 vitium
511 3525 637 3577 sedare.
657 3555 687 3564 —
708 3527 739 3594 3)
758 3524 777 3578 C
795 3525 949 3577 novicius
976 3526 1008 3576 in
1026 3525 1140 3594 proba·

179 3594 274 3643 tione.
294 3622 326 3632 -
344 3593 377 3660 4)
394 3604 504 3647 aetate
522 3611 561 3648 orn
580 3596 613 3663 Ι),
629 3625 660 3635 -
686 3597 718 3665 5)
736 3595 756 3648 (l
774 3594 934 3646 consiliis.
954 3623 986 3632 -
1003 3597 1035 3664 6)
1053 3596 1073 3646 G
1090 3593 1139 3646 add

180 3660 242 3712 ille.
262 3692 293 3701 -
313 3663 344 3732 7)
363 3667 477 3717 territi
495 3681 535 3718 om
553 3665 573 3717 B
591 3673 617 3716 et
634 3682 665 3733 pr
682 3666 710 3720 G.
730 3695 761 3705 -
780 3666 812 3734 8)
830 3664 871 3717 Bc
888 3665 961 3716 luit.
981 3694 1012 3704 -
1032 3666 1063 3733 9)
1081 3665 1139 3716 Luc.

181 3729 262 3793 9,62.
282 3761 313 3770 -
333 3733 381 3803 10)
399 3734 437 3786 de
464 3751 498 3788 se
523 3751 565 3787 om
582 3735 631 3788 DP.
653 3765 681 3776 -
707 3735 1020 3803 ll)0noviciorum.
1041 3764 1071 3774 —
1092 3734 1143 3799 12)

182 3799 256 3852 nrala
273 3817 314 3854 om
331 3802 360 3855 Ι).
