2438 4170
1092 261 1122 323 V

89 364 145 452 sis‚
164 360 443 454 chartaceus‚.iol.
459 366 588 455 minori,
605 363 683 436 olim
700 362 808 457 „liber
825 365 1121 438 sanctimonialium

22 549 25 558 ¹
84 466 362 557 regularissarum
388 467 503 542 domus
536 471 641 542 sancti
666 469 821 564 Dyonisii
845 471 880 539 in
905 468 1122 541 Aemstelre-

87 570 185 642 dam“
222 569 303 662 fuit,
343 582 459 668 postea
493 572 535 643 ad
569 570 800 644 bibliothecam
836 571 1122 665 Duisburgensem

86 677 254 771 pertinuit.
307 675 370 746 llic
390 676 476 747 liber
501 699 555 780 eu¹
572 678 745 773 praeclaro
772 699 852 748 sane
879 677 994 748 codice
1023 700 1122 768 „ma-

89 778 185 851 nibus
219 778 379 852 lobannis
405 781 544 872 Eggairt
581 779 638 851 filii
671 780 831 854 lobannis
870 803 956 852 anno
989 780 1122 852 Domini

88 884 262 956 millesimo
285 884 606 978 quadringentesimo
630 888 796 957 tricesimo
823 884 973 977 quairto“
1002 885 1122 957 admo·

89 987 166 1059 dum
192 987 402 1081 negligenter
428 988 611 1084 descriptus
637 999 706 1079 est,
741 1012 817 1060 cum
841 989 908 1060 loci
931 1012 1001 1061 non
1025 993 1121 1085 pauci

87 1094 213 1188 passim
237 1095 282 1162 ita
308 1095 373 1165 sint
398 1091 589 1187 depravati,
622 1102 659 1163 ut
685 1115 786 1166 sensu
811 1115 947 1189 prorsus
974 1103 1119 1165 careant.

87 1195 208 1274 Nihilo.
234 1204 344 1268 tannen
375 1200 482 1272 minus
518 1197 693 1268 dolendum
728 1206 800 1286 est,
840 1197 927 1292 quod
961 1197 1056 1293 plura
1087 1200 1121 1269 in

86 1300 152 1372 hoc
178 1299 294 1371 codice
320 1303 445 1395 capita,
486 1304 680 1395 praesertim
718 1304 753 1372 in
786 1299 853 1372 line
880 1301 1122 1375 distinctionum

87 1403 303 1496 singularum,
330 1403 567 1479 desiderantur.

191 1506 252 1579 IV.
306 1505 388 1580 God.
406 1506 433 1581 Ο
451 1507 669 1583 bibliothecae
694 1511 860 1604 gymnasii
886 1509 1121 1580 catholicorum

87 1608 308 1702 (boloniensis
335 1615 452 1707 partim
470 1612 753 1704 membranaceus,
780 1616 899 1709 partim
914 1614 1119 1702 chartaceus

86 1714 144 1786 fol.
172 1718 303 1805 minori,
330 1717 408 1788 olim
436 1716 543 1807 „liber
567 1717 705 1788 fratrum
722 1740 749 1792 s.
770 1719 878 1788 crucis
903 1720 938 1788 in
956 1715 1117 1789 Colonia“

86 1818 165 1907 brit,
201 1829 299 1914 atque
332 1830 460 1892 constat
484 1821 572 1893 foliis
608 1820 693 1892 278.
756 1820 854 1892 Liber
892 1824 1034 1916 scriptus
1067 1832 1121 1896 est

89 1925 203 2016 „circa
229 1946 304 1995 ann.
331 1925 464 1998 Domini
488 1922 700 1997 MCCCCXL
726 1935 761 1996 et
787 1924 978 2022 deinceps“

192 2024 350 2101 Codicem
378 2027 595 2102 bibliothecae
629 2032 793 2124 gymnasii
819 2027 1058 2120 Confluentini‚
1085 2039 1120 2102 et

87 2131 228 2203 alterum
263 2129 343 2227 [qui
377 2156 440 2206 sex
481 2143 605 2205 tantum
647 2137 850 2230 posteriores
894 2134 1118 2208 distinctiones

88 2234 258 2332 continet)
297 2236 515 2309 bibliothecae
559 2237 862 2332 Aquisgranensis,
896 2261 993 2330 sero,
1031 2238 1119 2332 quod

88 2339 199 2430 doleo,
228 2339 349 2412 adme
374 2345 594 2431 transmissos7
621 2345 656 2413 in
680 2343 802 2414 ultimis
828 2352 953 2413 tantum
977 2343 1119 2438 plagulis

88 2444 296 2519 excutiendis
322 2444 478 2517 adhibere
495 2446 581 2517 'mihi
606 2447 717 2517 licuit:
753 2446 809 2518 ubi
833 2447 950 2520 litteris
975 2447 1005 2518 E
1032 2457 1066 2519 et
1090 2447 1118 2519 F

83 2543 149 2622 ⁸eos
172 2551 338 2642 insignivi.

192 2653 235 2724 Hi
260 2653 388 2748 quidem
414 2652 548 2725 suerum
574 2654 718 2745 codices
746 2675 829 2749 quos
855 2655 988 2726 contuli.
1041 2653 1119 2726 Ne-

88 2778 153 2851 que
178 2766 288 2829 tamen
312 2761 439 2829 muneri
465 2781 541 2831 meo
567 2758 769 2831 satisfecisse
794 2759 873 2830 mihi
897 2761 991 2831 visus
1023 2781 1116 2850 sum,

88 2863 151 2934 nisi
187 2861 348 2938 editiones
386 2883 517 2957 quoque
552 2867 722 2957 antiquas,
757 2886 842 2958 quae
869 2862 1019 2934 codicum
1051 2861 1118 2934 fide

88 2968 253 3057 nituntur,
284 2965 325 3038 ad
350 2967 599 3063 perpoliendum
625 2977 753 3039 textum
778 2967 1008 3041 adhibuissem.
1060 2966 1118 3041 Ex

88 3068 206 3164 quibus
230 3070 308 3142 mihi
333 3081 466 3166 praesto
491 3072 641 3142 fuerunt:

192 3172 218 3246 Ι.
270 3175 379 3247 Editio
405 3179 571 3274 princeps,
598 3176 740 3248 charact.
763 3177 868 3270 goth,
894 3178 966 3250 sine
988 3176 1115 3250 custod.
1208 3176 1211 3181 ’

89 3287 124 3350 et
148 3299 247 3374 pagg.
261 3301 364 3368 num,
391 3279 515 3353 duabus
542 3280 714 3371 columnis,
740 3281 812 3373 fol,
838 3284 927 3377 typis
955 3303 1118 3377 expressa

89 3385 161 3456 sine
196 3381 272 3454 loco
307 3379 516 3480 (Coloniae)
548 3393 582 3455 et
607 3407 693 3456 anno
720 3381 833 3480 [circa
859 3409 889 3456 a.
919 3382 1056 3480 1475),
1083 3393 1118 3456 et

89 3489 161 3560 sine
199 3487 397 3584 typographi
423 3485 560 3584 [Udalr.
587 3486 685 3584 Zell)
709 3492 852 3561 nomine.
906 3486 1008 3561 Cuius
1040 3491 1118 3583 qui-

90 3590 165 3663 dem
190 3591 351 3666 lectiones
363 3596 531 3666 variantes
557 3593 883 3688 litteraPinsignivi.
917 3593 1016 3665 Liber
1040 3591 1117 3664 inde

90 3716 225 3771 asacc.
258 3695 340 3770 XVI
373 3701 559 3773 rarissimus
600 3697 680 3788 fuit,
719 3700 764 3770 ita
804 3709 840 3770 ut
881 3695 1119 3795 posterioribus

90 3797 222 3892 lli'alogi
247 3799 424 3876 editoribus
446 3826 514 3876 non
548 3801 590 3876 ad
626 3826 746 3883 manus
771 3803 888 3879 luerit.
936 3801 1058 3876 hlodue
1078 3808 1145 3868 ta-
