2438 4170
416 242 471 304 DE
493 242 755 304 ΤΕΝΤΑΤΙΟΝΕ.
1043 241 1102 300 185

420 415 651 515 effluouou
674 416 759 476 arv.

130 539 192 601 'lero
210 540 244 599 da
264 538 385 613 Abbote,
408 543 459 615 qus·
479 539 579 598 sedens
599 542 632 597 io
653 555 728 613 equo
749 534 883 612 superbo,
905 534 1061 594 Freders'oo

227 626 302 702 Regi
316 626 525 685 Romanorum
539 628 745 701 propinquare
764 641 826 682 noo
841 625 950 698 potuit.

151 761 371 845 MONAGHUS:
399 761 485 822 Anno
513 764 665 839 praeterito
686 760 789 820 Ahhas
811 759 927 835 quidam
949 758 985 818 de
1007 759 1104 818 ordine

105 854 190 924 mas,
207 851 280 911 hene
300 858 385 910 notus
406 849 483 924 mihi,
506 866 572 908 oum
594 855 754 907 ooourreret
774 847 926 907 Freden‘oo
946 846 1020 923 Regi
1040 845 1104 904 Ro·

104 950 238 1012 nouorum,
266 939 316 1013 qui
343 936 485 996 avunculo
513 953 567 994 suo
594 935 726 1010 Philippo
747 936 885 994 suecessit
909 935 939 991 in
965 933 1104 1009 Imperio,

103 1018 187 1081 labens
205 1041 270 1083 oum
290 1023 338 1082 illo
359 1023 439 1099 loqui
459 1022 581 1098 aliquid,
609 1025 649 1081 ita
671 1024 765 1097 eoepit
786 1038 876 1096 equus
897 1022 958 1079 eius
979 1020 1103 1093 hinnire,

103 1102 205 1169 horne
225 1117 254 1169 et
269 1109 398 1169 insultus
420 1127 451 1169 se
473 1108 553 1184 dare,
571 1115 603 1167 ut
623 1108 697 1185 Regi
717 1110 746 1166 in
768 1125 842 1183 equo
863 1110 932 1167 satis
953 1112 1103 1165 mansueto

101 1193 200 1271 edenti,
222 1196 301 1256 nullo
328 1199 392 1256 nisu
424 1202 522 1272 posset
548 1198 746 1272 propinquare.
788 1193 991 1253 NOVICIUS:
1028 1192 1105 1269 Quid

101 1288 176 1353 putet
192 1289 258 1343 tono
279 1289 376 1342 tantus
397 1283 533 1359 Princeps
556 1284 695 1358 cogitasse
709 1278 748 1361 ¹)‘l
768 1279 1002 1340 MONACHUS:
1027 1280 1103 1339 Puto

101 1362 161 1427 llum
182 1386 238 1429 uon
265 1369 378 1430 modice
406 1369 493 1428 fuisse
521 1369 751 1428 scandalizatum.
800 1367 876 1426 Nam
904 1367 995 1426 simile
1023 1368 1050 1425 ei
1073 1368 1103 1424 in

100 1464 157 1527 equo
179 1456 277 1516 eodem
306 1459 423 1533 contigit
453 1473 582 1530 meeum,
610 1462 638 1514 et
667 1472 721 1532 ego
750 1453 957 1513 seandaHzatus
991 1453 1032 1512 fui
1073 1455 1103 1511 in

100 1549 245 1619 eapropter
273 1560 388 1618 equum.
430 1542 580 1602 Recedens
605 1558 674 1601 vero
696 1559 715 1600 a
736 1541 817 1617 Rege
838 1558 903 1600 eum
923 1540 1015 1600 multa
1036 1557 1103 1599 eru·

99 1620 233 1705 marnoa,
255 1646 330 1706 equo
346 1630 394 1689 illo
410 1630 506 1688 effreni
518 1632 561 1689 uti
581 1628 672 1688 noluit
693 1627 729 1688 de
751 1634 845 1688 cetero
853 1625 884 1707 ²).
926 1627 1028 1687 Abbas
1049 1629 1103 1686 iste

96 1704 165 1774 homo
183 1723 241 1777 erat
261 1733 365 1791 senex,
393 1716 513 1793 simplex
533 1717 660 1791 satisque
680 1715 793 1774 humilis
826 1731 861 1774 ao
894 1713 1102 1790 disoiphnatus,

94 1790 188 1863 litatio
207 1804 263 1863 hae
291 1806 452 1879 equitatura
472 1804 565 1861 minus
586 1802 686 1862 fuisset
714 1804 945 1877 circumspectus.
987 1798 1103 1859 NOVI·

93 1876 176 1948 clue:
194 1888 288 1966 ¹Quod
315 1892 388 1957 iuste
416 1892 445 1948 in
474 1889 611 1965 religiosis
643 1889 838 1949 saecularibus
867 1887 1008 1964 displicet,
1036 1887 1102 1946 Deo

88 1964 186 2039 oleon
210 1993 269 2035 uon
289 1983 393 2052 potest.
435 1974 667 2035 MONACHUSt
699 1976 808 2035 Verum
837 1974 921 2050 diois,
949 1976 1016 2049 quia
1036 1974 1101 2034 Deo

87 2047 209 2121 debemus
223 2065 432 2137 conscientiam,
453 2062 559 2122 famam
569 2063 740 2121 hominibus.
780 2061 919 2121 Omnibus
937 2060 1102 2121 Christianis

82 2132 176 2207 dioran
194 2167 213 2208 a
234 2149 362 2215 Christo:
390 2151 499 2208 Discite
521 2168 542 2207 a
562 2167 623 2222 me,
652 2153 725 2224 quio
745 2152 823 2208 mitio
843 2167 911 2207 aum
938 2155 965 2208 et
985 2149 1102 2207 humilis

77 2231 199 2312 Μ’).
241 2236 282 2296 Ut
303 2239 378 2295 euim
393 2222 506 2296 taceam
528 2236 563 2295 de
584 2235 719 2296 seandalo
741 2236 930 2295 saecularium
950 2237 979 2293 in
1000 2251 1102 2311 super-

73 2301 124 2371 bia
143 2322 350 2399 religiosorum,
380 2340 446 2382 oum
468 2321 574 2382 Judaei
594 2329 623 2383 et
642 2324 749 2398 pagani
770 2324 933 2398 superbiam
953 2321 1001 2382 vel
1021 2325 1102 2398 signa

71 2402 223 2473 lusanae
235 2410 334 2469 vident
346 2412 375 2467 in
388 2409 563 2484 Christianis,
584 2410 749 2486 religionem
769 2408 959 2468 Christianam
979 2409 1102 2482 horrent,

71 2480 96 2535 ’t
126 2487 342 2572 blasphematur
369 2513 473 2555 nomen
503 2495 607 2555 Christi
629 2512 681 2572 per
703 2512 761 2555 eos.
803 2495 850 2555 De
870 2495 926 2554 hoo
954 2497 1006 2554 tihi
1027 2495 1072 2555 ref
1086 2527 1102 2540 -

71 2577 130 2632 ⁸¹11
155 2584 245 2643 rerba
266 2583 415 2643 cuiusdam
436 2583 594 2659 Sanaoeni,
615 2585 752 2642 memoria
772 2583 858 2642 valde
879 2582 1052 2659 dignissima.

426 2772 657 2834 CAPITULUM
677 2774 747 2834 XV.

70 2871 110 2939 ’θ
130 2913 276 2973 popano,
298 2899 350 2973 qut
372 2897 456 2972 opocl
475 2897 623 2955 Actionem
645 2893 759 2954 dicebat
781 2893 961 2955 &amoenos
978 2901 1102 2971 propser

208 2983 376 3060 superbio-m
398 2991 425 3043 et
445 2985 549 3060 polam
570 2983 606 3040 ole
628 2989 708 3040 temo
729 2989 834 3040 saneta
856 2985 965 3041 eiectos.

131 3116 236 3181 Frater
256 3120 428 3182 Wilhelmus
450 3121 603 3197 aliquando
626 3123 797 3180 camerarius
817 3124 921 3195 noster,
943 3127 1009 3181 ante
1031 3137 1101 3179 oon-

70 3199 230 3268 ³rsionem
259 3212 412 3268 canonieus
439 3210 532 3269 fuerat
557 3208 635 3284 apud
661 3209 823 3267 Traiectum
849 3204 1002 3287 interisse).
1044 3206 1101 3265 Hie

72 3290 200 3369 ¹1llrore
227 3296 435 3354 adolescentiae
464 3312 533 3354 suae
562 3312 645 3354 oruee
677 3297 819 3370 signatus,
846 3297 939 3370 gratia
958 3294 1102 3354 Dominioi

70 3375 213 3442 'Dulohri
226 3383 426 3442 transfretavit
469 3381 634 3456 Antequam
655 3384 745 3456 naris,
766 3384 796 3439 in
818 3397 876 3456 qua
898 3387 966 3455 erat,
988 3387 1101 3456 portum

73 3454 229 3548 (thome)
259 3471 412 3544 attigisset,
447 3470 542 3545 ignem
572 3468 730 3527 facularum
762 3474 828 3527 ante
861 3474 954 3527 ortum
982 3483 1101 3526 aurorae

70 3574 110 3651 ι)
139 3599 180 3653 Bc
196 3600 270 3668 quid
289 3609 423 3667 poterat
441 3600 476 3669 (C
494 3601 635 3668 poterit)
652 3609 728 3651 tuno
744 3609 852 3652 tantus
870 3600 1028 3668 Princeps
1050 3616 1099 3650 co·

142 3671 264 3737 gitare,
291 3670 403 3738 liquid
426 3678 520 3737 putas
549 3678 673 3722 tanturn
702 3669 879 3737 Principem
910 3679 984 3722 tuno
1013 3670 1100 3738 cogi-

142 3746 234 3793 tasse.
253 3769 286 3778 —
305 3740 337 3808 2)
355 3739 395 3792 BC
413 3739 448 3790 de
466 3748 576 3792 cetero
594 3742 642 3791 uti
660 3739 773 3790 noluit.
793 3769 823 3778 -
843 3739 874 3806 3)
892 3740 979 3792 llatth.
999 3739 1040 3803 ll,
1057 3739 1099 3789 29.

143 3837 173 3849 -
191 3810 223 3879 4)
241 3809 411 3876 Ultraiootum,
429 3807 540 3862 Utrecht.
561 3838 591 3848 -
610 3809 643 3876 5)
660 3809 731 3862 saint
746 3807 810 3861 leon
827 3808 928 3862 d’Acre.
