2438 4170
272 289 276 296 ,
378 216 432 284 ΒΕ
455 218 732 286 comssrortn.
1013 227 1072 285 131

78 360 127 407 aas
143 353 209 406 essct
228 343 382 422 inquisivit,
405 347 506 407 clerico
530 366 595 407 cum
617 365 714 407 sorore
736 346 989 424 respondentibus:
1010 348 1076 407 Non

77 436 134 493 uenit
148 433 205 494 bue.
250 435 378 511 Quorum
399 436 488 495 rerba
510 442 643 511 suspecta
665 436 821 510 habentes,
850 444 879 494 et
908 435 997 495 oculis
1020 437 1077 494 eir·

78 523 268 597 suspicientes,
289 524 411 598 vestigia
431 523 487 581 iusi
508 525 652 599 sanguinis
673 529 846 597 repererunt.
890 523 1002 598 Quibus
1021 524 1077 582 cri·

78 624 124 667 ucn
140 624 199 667 mox
218 608 362 667 homicidii
377 607 393 689 ¹)
414 612 600 685 imponentes,
622 611 719 668 accitis
728 607 749 689 2)
760 609 909 685 iudicibus,
932 628 997 669 eum
1018 612 1077 668 iam

77 710 154 771 naue
170 713 227 754 non
247 704 371 772 possent,
393 703 454 754 tum
475 697 596 772 profusi
617 700 723 755 cruoris
745 700 915 771 ostensione,
942 704 1003 754 tum
1025 714 1077 772 pro

76 780 170 841 naam
189 786 347 859 repertione
356 781 393 863 ³),
415 778 555 842 sententia
577 783 645 843 data
667 789 718 857 cst,
740 790 773 842 ut
794 786 879 842 ambo
901 786 1078 843 mitterentur

75 868 197 944 inignem.
239 870 344 930 Similis
367 889 450 930 casus
473 870 608 930 Coloniae
631 873 749 947 contigit
778 871 892 929 cuidam
920 873 1078 930 monetario

76 957 217 1030 impetibus
238 961 317 1016 meis.
362 957 437 1034 Quid
458 956 563 1033 plura?
608 956 682 1015 Cum
703 957 873 1017 ducerentur
894 958 931 1016 ad
945 975 1078 1033 poenam,

76 1038 161 1102 &aba
178 1044 271 1119 puella
292 1062 445 1120 germano:
474 1046 591 1119 Frater,
618 1052 736 1120 propter
763 1045 898 1104 ternodo
923 1046 1012 1104 ducor
1040 1044 1078 1104 ad

75 1135 180 1205 noram,
205 1149 297 1206 neque
324 1134 361 1190 ob
391 1132 477 1190 aliam
499 1149 616 1190 causam
639 1139 793 1208 cooperata
813 1151 878 1191 sum
899 1134 950 1192 tibi
972 1135 1001 1190 in
1022 1132 1078 1191 hoc

76 1212 203 1293 homicidio,
223 1221 276 1277 nisi
297 1225 330 1277 ut
351 1223 456 1278 crimen
478 1225 560 1277 tuum
582 1219 713 1278 celarem.
756 1219 893 1279 Attamen
916 1222 983 1295 quia
1005 1235 1078 1279 eva-

76 1298 124 1362 dare
139 1322 190 1363 non
208 1323 359 1381 possumus
381 1314 503 1365 mortem
522 1308 723 1381 imminentem,
746 1308 894 1365 consilium
916 1324 1012 1366 meum
1023 1312 1078 1379 est,

77 1390 148 1450 atde
172 1396 318 1452 commisso
350 1394 487 1453 iaciamus
517 1394 734 1483 confessionem,
764 1401 797 1452 ut
825 1394 926 1453 saltem
955 1410 1078 1470 poenam

76 1477 201 1538 eradamus
221 1488 375 1539 aeternam.
406 1481 455 1539 Ad
476 1481 549 1540 haec
570 1483 660 1540 verba
682 1481 801 1540 clericus
819 1481 989 1558 indignatus,
1011 1482 1079 1556 quia

78 1559 220 1642 barrama,
242 1568 400 1643 respondit:
422 1568 488 1627 Nou
509 1569 621 1629 faciam.
668 1568 743 1644 Quid
765 1571 840 1626 enirn
862 1568 931 1626 mihi
942 1568 1078 1644 prodesse
1174 1592 1177 1599 ·

76 1659 149 1721 past
167 1656 301 1714 confessio
324 1661 384 1712 tam
404 1653 509 1714 tarda?
552 1655 605 1714 Illo
628 1656 767 1730 indurato,
788 1655 885 1730 puella
906 1658 1007 1731 petivit
1028 1673 1078 1725 sa-

76 1737 205 1816 cerdotem,
240 1745 285 1801 cui
314 1759 380 1800 cum
408 1743 499 1800 multa
528 1745 694 1802 contritione
729 1742 859 1800 confessa
889 1749 932 1800 est
961 1745 1078 1802 crimen.

77 1816 162 1886 Deinde
182 1829 265 1888 ambo
287 1829 366 1904 ligati
388 1836 454 1888 surrt
474 1832 503 1886 in
526 1831 620 1904 stipite
642 1847 709 1903 uno,
731 1832 796 1905 igne
820 1832 935 1904 copioso
955 1832 1079 1888 circum-

76 1911 154 1979 litio
190 1915 264 1974 Mira
285 1920 374 1974 virtus
404 1916 602 1989 confessionis,
632 1919 704 1974 mira
736 1916 886 1976 clementia
914 1916 1079 1976 salvatoris.

77 1990 189 2060 flledcum
216 2003 397 2078 desperatum
426 2021 494 2062 mox
524 2004 639 2062 flamma
669 2003 831 2073 devoravit,
862 2004 988 2078 puellam
1009 2020 1078 2063 vero

75 2077 131 2153 ignis
147 2106 198 2147 non
218 2093 319 2166 tetigit,
340 2108 432 2165 neque
456 2093 640 2165 contristavit,
661 2107 715 2149 nec
736 2090 844 2166 aliquid
865 2092 1011 2150 molestiae
1032 2093 1078 2148 in-

75 2166 130 2228 illll
164 2176 284 2237 Vincula
312 2184 425 2236 tantum
457 2180 533 2252 eius,
563 2180 636 2236 sicut
664 2177 767 2254 legitur
796 2178 832 2236 de
854 2179 944 2237 tribus
965 2180 1079 2254 pueris,

74 2256 218 2338 annuam,
250 2267 291 2322 ita
311 2271 344 2322 ut
365 2264 452 2324 libero
475 2264 659 2324 deambulare
681 2272 792 2340 possct3
815 2282 869 2323 ncc
890 2265 971 2324 aliter
991 2267 1081 2323 sensit

73 2334 222 2439 fl{bullarum
236 2351 374 2426 ardorem,
397 2370 483 2426 quam
496 2359 614 2412 rentum
626 2356 696 2413 roris
714 2348 869 2432 flanteml).
913 2353 985 2411 Viso
998 2357 1077 2411 tanto

72 2436 199 2512 maculo,
226 2439 335 2497 iudices
355 2439 480 2513 puellam
501 2441 682 2497 innocentem
711 2442 908 2513 aestimantes,
938 2442 1080 2498 iusserunt

71 2514 97 2567 li
112 2524 203 2600 exiret3
224 2528 322 2600 sicque
344 2543 396 2600 per
418 2526 625 2584 confessionem
646 2526 768 2586 incendii
788 2526 977 2585 illius‘evasit
992 2526 1079 2584 ardo-

71 2608 124 2660 leun
160 2610 357 2672 NOVICIUS:
381 2612 456 2687 Quid
485 2613 594 2672 iudicas
625 2614 659 2672 dc
683 2612 807 2672 elerico?
843 2611 1079 2672 MONACHUS:

71 2674 120 2747 Hit
139 2699 210 2772 quod
231 2702 259 2756 iu
282 2701 422 2774 superiori
442 2699 618 2760 distinctione
642 2700 765 2775 capitulo
788 2706 869 2758 sexto
892 2699 927 2758 de
949 2718 980 2758 se
1003 2699 1079 2758 iudi-

71 2776 129 2834 'aab
146 2783 369 2860 Hildebrandus,
399 2786 566 2861 desperatus
595 2787 667 2846 latro
677 2785 713 2866 ⁵):
743 2785 947 2861 Aetemaliter,
973 2789 1080 2862 inquit,

139 2878 199 2931 atus
227 2891 307 2946 sum,
340 2876 520 2949 aeternisque
548 2874 684 2933 incendiis
712 2880 828 2948 propter
854 2872 1080 2948 desperationem

71 2951 351 3036 n⁸¹1'1nedeputatus.
395 2961 425 3018 Si
448 2963 568 3037 egissem
590 2963 794 3036 poenitentiam
828 2960 988 3020 confitendo
1017 2962 1080 3020 cul-

71 3039 133 3115 mi,
158 3064 208 3122 per
229 3064 353 3123 poenam
376 3048 563 3123 temporalem
585 3051 743 3107 evasissem
775 3054 930 3106 aeternam.
973 3049 1081 3108 Retulit

71 3116 132 3188 obis
151 3132 226 3193 idem
246 3133 350 3193 Abbas
372 3134 448 3193 allud
470 3134 654 3209 miraculum,
685 3138 714 3192 in
745 3152 801 3209 quo
831 3136 926 3194 adhuc
958 3136 1080 3211 amplius

71 3213 227 3282 Millifcstata
248 3228 293 3281 est
313 3224 402 3281 virtus
425 3221 618 3296 confessionis,
638 3224 667 3280 in
688 3222 765 3280 hunc
787 3222 913 3282 modum.

210 3316 217 3343 l

71 3507 155 3582 ¹)1tc
172 3545 242 3582 mox
268 3531 389 3582 crimen
416 3528 600 3593 homicidii,
625 3529 780 3580 Perimen
807 3529 977 3581 homicidii
1004 3545 1080 3580 mox.

119 3629 149 3640 -
168 3600 200 3669 2)
219 3599 304 3653 ABCD
322 3602 448 3652 ascitis.
469 3630 499 3638 —
519 3600 550 3667 3)
568 3599 598 3662 ΙΙ,
616 3599 663 3650 23:
688 3609 749 3651 tum
777 3616 831 3666 pro
858 3599 1081 3668 magnitudine

117 3669 278 3733 miraculi,
305 3678 366 3722 tum
395 3685 453 3735 pro
480 3671 689 3737 poenitentia
713 3671 853 3737 cognati.
874 3699 904 3708 -
925 3669 956 3735 4)
975 3669 1037 3720 Dan.
1056 3670 1081 3731 3,

117 3741 158 3792 ⁵0.
179 3768 210 3779 -
238 3739 269 3806 5)
295 3740 334 3792 GP
361 3739 445 3791 latro
469 3739 675 3806 desperatus.
711 3740 802 3802 Latro,
829 3738 925 3802 idest,
947 3737 1081 3790 homicida.

116 3807 212 3862 Eodem
229 3824 304 3861 sensu
322 3809 449 3862 Barabbas
466 3809 530 3861 latro
548 3808 640 3862 dicitur
657 3808 725 3878 apud
742 3809 834 3863 luban.
850 3809 899 3875 la,
913 3809 959 3861 bb.
