2460 4162
143 221 184 280 ca
324 196 327 199 ’
440 207 667 278 nrsrnvcrro
688 216 873 280 semmua

139 341 215 400 libus
231 335 247 420 ¹)
269 356 403 414 manens,
424 356 484 398 nou
505 339 598 399 solum
618 357 676 399 non
697 341 874 400 manducans
895 315 1100 424 manducata),
1123 342 1181 405 sed

140 431 228 488 etiam
249 427 376 486 scelestis
404 428 536 486 manibus
558 427 671 486 conficit
698 435 727 487 et
748 427 872 489 tractat?
915 427 993 492 Audi
1014 430 1084 506 quid
1103 432 1179 492 mibi

140 514 241 577 dixerit
266 530 377 573 nonnus
400 513 551 573 Caesarius
577 515 735 574 monachus
762 522 872 590 noster,
904 515 1050 592 quondam
1070 515 1200 602 Abbas,

139 601 282 660 Prumiae.

487 753 720 817 suerranum
740 757 793 817 av.
800 753 830 837 3)

140 880 188 938 De
209 879 359 939 sacerdote
332 881 433 954 tqai
454 878 544 937 dicit:
572 879 606 936 Si
622 897 713 954 pecco
715 886 747 938 to
768 885 994 955 enutrimenta,
1015 897 1176 958 nunquam

465 965 595 1024 salvabit
583 973 633 1024 tar
655 969 759 1024 anima
779 984 854 1024 mea.

204 1103 354 1178 Loquente
375 1082 437 1178 mc,
459 1105 499 1161 ait
505 1109 669 1178 ,tempore
691 1103 817 1178 quodam
840 1121 905 1163 curn
926 1103 1052 1180 quodam
1073 1122 1176 1167 sacer·

139 1191 206 1250 dote
228 1190 263 1249 de
285 1195 387 1264 pecca
387 1208 426 1263 rs,
454 1190 501 1248 ille
522 1206 580 1248 non
603 1190 689 1250 confit
678 1190 776 1264 tendo,
805 1191 856 1249 sed
876 1198 997 1265 peccata
1016 1193 1176 1268 parvipen-

68 1291 71 1295 ·
139 1278 242 1352 dendo,
264 1276 432 1366 respondit:
445 1276 476 1336 Si
497 1282 624 1351 peccata,
647 1280 720 1337 sicut
736 1277 865 1336 homines
887 1279 991 1352 dicunt,
1014 1285 1081 1338 sunt
1100 1297 1189 1359 pec-⁵

139 1371 218 1438 cata,
252 1370 281 1422 et
269 1368 360 1421 ttam
382 1340 497 1438 gravia,
530 1380 677 1438 nunquam
706 1364 811 1422 salvari
838 1367 943 1439 poterit
971 1367 1067 1424 anima
1098 1384 1176 1428 mea.

139 1449 255 1528 Quare?
278 1452 369 1524 inquit
380 1447 410 1527 3.)
443 1449 546 1525 Quia
538 1469 568 1507 m
589 1450 644 1508 hac
661 1457 745 1509 nocte
758 1450 878 1510 dormivi
901 1470 966 1510 cum
979 1452 1106 1528 legitima
1120 1471 1175 1515 cu·

51 1576 54 1580 -
136 1538 258 1612 iusdam,
281 1543 310 1596 ct
331 1536 417 1595 hodic
439 1536 581 1595 celebravi
602 1544 659 1595 tres
680 1540 791 1596 missas.
822 1537 892 1595 Erat
880 1541 1034 1597 atutem
1026 1558 1056 1596 m
1071 1539 1176 1600 eadem
1215 1536 1221 1547 '

137 1631 222 1685 nocte
245 1622 350 1699 duplex
371 1623 517 1696 festivitas,
539 1624 646 1682 scilicet
661 1624 829 1683 Dominicae
852 1625 907 1684 diei
929 1632 958 1684 et
979 1628 1071 1685 sancti
1090 1626 1176 1687 Lau·

137 1714 220 1772 rentii
241 1711 386 1787 Martyris.
428 1709 628 1771 NOVICIUS:
651 1711 799 1786 Stupenda
813 1717 879 1769 sunt
901 1729 975 1786 quae
996 1712 1097 1788 audi03
1121 1715 1176 1774 sed

137 1802 223 1858 miror
233 1795 255 1878 4)
283 1798 384 1871 valde,
414 1798 492 1872 quod
518 1797 599 1856 Deus
627 1804 739 1857 tanturn
767 1800 796 1856 in
824 1815 856 1856 se
873 1789 1049 1858 'contentum
1076 1806 1176 1874 potest

131 1888 285 1945 sustinere.
327 1883 562 1944 MONACHUS:
584 1885 615 1944 Si
629 1885 710 1944 Deus
731 1887 760 1942 in
773 1888 899 1960 peccatis
912 1889 1010 1945 statim
1031 1885 1178 1953 occideret

137 1978 313 2049 peccatores,
334 1988 392 2030 non
413 1971 499 2030 hodie
520 1978 580 2029 tam
594 1974 757 2030 innumeros
770 1972 889 2031 haberet
902 1973 1086 2047 professores.
1120 1975 1177 2035 Vis

138 2076 206 2136 ergo
229 2057 327 2116 audire
349 2075 410 2115 rcrn
431 2057 602 2116 horrendam
626 2058 661 2117 de
683 2058 829 2117 sacerdote
851 2058 1028 2135 huiusmodi,
1056 2063 1085 2118 in
1115 2078 1176 2137 quc

138 2153 167 2205 et
198 2147 293 2202 mirari
320 2147 427 2219 poteris
455 2144 627 2202 ineffabilem
653 2147 819 2219 patientiam
847 2145 924 2205 Dei?
966 2145 1177 2209 NOVICIUS=

137 2232 213 2293 Volo
236 2238 265 2289 ct
297 2230 433 2305 disidero‚
466 2232 533 2306 quia
560 2230 656 2291 divina
683 2233 820 2306 patientia
851 2236 1024 2308 permaxime
1054 2235 1141 2296 nobis
1154 2233 1176 2316 ὅ)

137 2327 182 2380 est
202 2320 374 2378 necessaria

479 2490 712 2552 carmanum
736 2488 832 2573 vsi)

137 2616 185 2673 De
207 2614 361 2673 incurioso
383 2612 540 2684 sacerdote,
564 2616 610 2670 cai
632 2613 821 2672 columbeio
843 2614 888 2673 die
909 2615 1028 2674 Natalis
1048 2614 1177 2678 bobas

242 2699 335 2760 tribas
357 2699 467 2759 oicibae
489 2707 708 2758 soeravaeatam
730 2702 835 2759 altaris
858 2703 933 2774 tulit,
955 2708 1069 2778 etpost

477 2790 679 2845 contritionem
700 2791 834 2846 restituit.

201 2940 438 3006 MONAOHUSz
471 2942 611 3000 Dominus
642 2942 804 3017 Comedus,
837 2942 983 3017 quondam
1010 2943 1175 3020 Episcopus

22 2994 49 3067 -Ι
135 3029 400 3103 Halberstadensis,
429 3045 504 3087 anno
533 3031 684 3103 praeterito
713 3030 809 3088 retulit
829 3031 911 3089 nobis
933 3030 1080 3090 historiam
1101 3035 1176 3092 satis

135 3116 301 3190 mirabilem,
323 3133 410 3190 quam
426 3118 576 3191 contigisse
592 3116 705 3174 dicebat
722 3124 788 3174 autc
804 3133 912 3192 paucos
927 3135 1018 3177 annos
1039 3120 1068 3175 in
1081 3135 1175 3194 regno

135 3204 282 3262 Franciae.
325 3202 397 3260 Erat
417 3204 456 3261 ibi
477 3203 610 3261 sacerdos
632 3203 763 3277 quidam,
793 3205 841 3278 qui
869 3206 898 3262 in
918 3207 982 3279 ipsa
1002 3210 1087 3265 nocte
1108 3205 1174 3265 Na·

136 3290 202 3349 talis
223 3290 339 3348 Domini
371 3290 489 3347 transire
512 3290 635 3348 debebat
663 3307 714 3364 per
741 3291 858 3348 brevem
887 3308 1021 3366 campum
1049 3291 1084 3351 de
1112 3309 1175 3353 una

95 3449 98 3458 Ι
135 3376 205 3436 villa
227 3376 379 3451 edebam,
401 3383 433 3434 ut
454 3375 560 3435 ibidem
582 3377 739 3435 secundum
762 3377 996 3437 consuetudinem
1016 3380 1174 3441 matutinas

67 3488 70 3493 Ι
154 3511 185 3579 1)
203 3509 223 3562 G
240 3509 438 3561 mortalibus
463 3519 494 3560 et
519 3509 673 3561 assiduis.
692 3540 725 3550 —
750 3511 781 3577 2)
801 3515 836 3562 sic
854 3511 993 3565 emendavi.
1018 3511 1082 3564 aab
1107 3528 1174 3566 ιιοιι

204 3579 305 3632 solum
319 3579 672 3642 commanducandum
690 3579 888 3632 solummodo
903 3581 1092 3645 manducat,
1110 3582 1173 3636 PKR

204 3665 266 3701 non
285 3649 387 3700 solum
406 3649 587 3700 manducat.
605 3651 676 3702 Cani.
695 3650 738 3705 lx,
757 3651 866 3717 1.-33)
884 3651 973 3703 Hamil.
992 3653 1022 3704 ll.
1040 3668 1065 3718 p.
1083 3653 1171 3704 72.-

204 3720 236 3787 3)
247 3718 350 3782 scilicet,
370 3718 455 3770 Abbas
473 3719 594 3771 Prumiae.
610 3749 640 3759 —
660 3721 692 3787 4)
710 3719 775 3771 ΑΒΙ)
792 3721 911 3772 ιιιίιιιιιι.
924 3751 953 3761 -
965 3722 997 3790 5)
1014 3721 1056 3775 Bc
1072 3722 1172 3775 nobis

204 3790 460 3856 permaxime.·-
479 3789 529 3857 3333)
547 3789 635 3840 Hamil.
654 3789 683 3841 ll.
702 3806 727 3856 p.
746 3791 780 3842 84
798 3806 836 3858 sq.
