2460 4162
416 242 472 303 DE
493 240 764 304 DAEMONIBUS.
1043 230 1106 301 315

66 360 168 447 ildeb
186 362 390 426 NOVICIUS:
411 365 533 426 Videtur
546 365 616 423 mihi
632 382 668 425 ex
683 356 892 443 supradietis²)‚
914 360 993 440 quod
1014 379 1108 437 quan·

68 452 170 529 doque
196 452 284 513 bomo
312 450 426 512 diabolo
447 453 596 512 materiam
617 451 667 512 det
687 449 823 512 tentandi.
871 447 1106 511 MONAOHUS:

69 539 140 601 Hoe
159 555 262 600 renim
283 556 356 614 esse,
376 555 434 598 uno
455 541 508 598 tibi
528 538 678 599 ostendam
699 537 840 616 exemplo.

441 692 674 754 CAPITULUM
694 693 744 753 LI.

71 817 123 877 De
142 815 288 875 mmwdto
309 833 330 874 a
351 815 452 875 labore
479 817 611 875 edulium
631 815 795 887 recedente,
826 821 854 873 et
875 831 896 872 a
917 811 1035 872 diabolo
1056 829 1109 887 per

342 906 464 978 speeiem
485 903 616 961 mulieris
636 919 707 961 moa
730 907 851 961 tentato.

138 1021 243 1082 Stabat
275 1021 430 1098 aliquando
464 1029 621 1083 conventus
650 1022 686 1082 de
714 1020 927 1082 Hemmenrode
954 1021 983 1078 in
1009 1019 1109 1093 horto,

72 1109 217 1188 plantaria
238 1108 362 1168 caulium
382 1116 474 1170 terrae
498 1110 628 1186 infigens.
671 1109 774 1169 Stabat
803 1115 832 1168 et
854 1107 1013 1166 monachus
1034 1123 1109 1164 unus

74 1214 144 1259 eum
156 1197 265 1270 ceteris,
286 1196 413 1257 Thomas
428 1199 551 1271 nomine,
573 1198 618 1256 eui
629 1196 693 1256 talis
716 1197 809 1271 eoepit
823 1196 957 1273 cogitatio
972 1194 1109 1254 suboriri:

73 1282 108 1345 Si
128 1282 215 1343 modo
234 1297 312 1343 esses
333 1285 363 1342 in
384 1283 469 1343 domo
491 1286 579 1360 patris
600 1285 650 1358 tui,
671 1283 776 1343 ancilla
796 1289 847 1342 tua
867 1298 925 1340 non
946 1279 1110 1357 dignaretur

73 1378 138 1430 tam
157 1366 353 1449 vilissimum³)
376 1387 448 1446 opus
469 1371 571 1431 faeere.
613 1372 709 1431 Exivit
731 1386 798 1447 ergo
821 1369 856 1428 de
877 1368 972 1428 medio
992 1367 1110 1426 fratrum

75 1475 144 1519 eum
164 1455 374 1533 indignatione,
398 1457 466 1517 illue
488 1475 554 1517 eum
576 1457 697 1517 ducente
718 1451 846 1535 spiritu⁴l
868 1455 1032 1531 superbiae,
1059 1453 1110 1510 ubi

73 1544 175 1604 fortius
196 1552 372 1618 eumpossot
384 1545 561 1621 impugnare.
605 1543 678 1602 Cum
693 1561 760 1620 ergo
782 1546 811 1601 in
833 1541 905 1601 silva
926 1541 1005 1600 solus
1027 1545 1110 1612 esset,

74 1636 201 1691 tentator
214 1630 303 1705 affuit,
325 1637 354 1689 et
370 1628 484 1710 quem⁵)
499 1634 576 1707 prius
588 1631 649 1690 sola
660 1632 830 1708 cogitatione
841 1628 1014 1705 pulsaverat,
1034 1641 1110 1684 nune

75 1723 178 1795 aperta
197 1718 412 1793 impugnatione
427 1724 455 1776 et
468 1718 616 1777 visibiliter
629 1717 801 1798 aggreditur.
828 1714 864 1774 In
877 1715 973 1791 speeie
985 1728 1110 1787 namque

75 1803 203 1865 mulieris
215 1820 365 1880 apparens,
386 1806 480 1880 eoepit
493 1805 600 1880 alloqui
611 1822 684 1864 eum.
706 1802 747 1862 At
766 1802 813 1862 ille
828 1802 948 1879 digitum
969 1816 1110 1875 superpo·

75 1908 150 1951 nens
179 1891 221 1951 ori
242 1907 313 1967 suo,
341 1894 464 1969 signavit
483 1893 538 1951 sibi
559 1908 617 1950 non
637 1891 722 1951 licere
743 1885 858 1968 loquis).
902 1887 960 1948 Sed
989 1886 1110 1945 menda-

75 1980 186 2059 ciorum
214 1978 339 2037 omnium
372 1985 458 2054 eaput
490 1986 519 2038 et
549 1985 645 2054 pater,
675 1977 741 2037 ilieo
773 1994 825 2052 per
855 1975 1003 2034 mulierem
1032 1972 1112 2030 illam

75 2064 302 2142 phantasticam,
324 2082 411 2141 quam
432 2064 608 2143 effigiaverat
633 2065 670 2124 ad
693 2064 889 2140 deceptionem
898 2058 933 2141 τ1,
954 2059 1111 2137 respondit:

77 2151 156 2229 Quid
187 2149 243 2211 boe
272 2153 322 2227 sit,
348 2154 439 2227 inquit
447 2148 483 2231 ³),
505 2153 610 2211 neseio.
652 2152 715 2228 Ego
737 2153 822 2210 venio
845 2149 880 2209 de
903 2153 1062 2221 conventu,
1084 2153 1113 2205 et

77 2236 162 2299 Prior
190 2236 268 2296 dedit
299 2237 368 2296 mihi
389 2239 532 2298 licentiam
554 2245 587 2298 ut
607 2238 739 2313 loquerer
759 2244 862 2296 teeum.
906 2234 1031 2294 Credidit
1051 2232 1113 2305 ille,

78 2331 110 2385 et
128 2324 242 2384 loeutus
255 2330 306 2383 est.
348 2325 431 2384 Tune
452 2325 501 2385 illa
517 2327 646 2401 asseruit,
667 2331 799 2401 parentes
820 2324 909 2400 ipsius
930 2324 1041 2381 misisse
1061 2335 1113 2395 pro

78 2427 125 2487 eo,
146 2417 176 2471 et
196 2417 326 2486 oportere
348 2429 414 2471 eum
426 2412 573 2472 Treverim
584 2415 625 2472 ire
647 2430 746 2473 seeum
767 2412 804 2472 ad
826 2409 978 2469 emendum
1000 2425 1114 2483 equum,

78 2505 110 2559 et
137 2499 179 2559 sio
207 2499 325 2558 transire
354 2500 508 2558 interram
530 2517 622 2559 suam.
664 2497 867 2558 Praecedendo
889 2499 975 2574 igitur
995 2497 1114 2566 misere,

78 2586 215 2645 miserum
237 2584 375 2660 ducebat,
396 2588 460 2660 ipsa
481 2586 596 2661 quidem
617 2587 801 2645 frutectorum
822 2586 948 2644 'omnium
969 2580 1115 2641 condensa

78 2672 141 2733 sine
162 2670 363 2747 impedimento
392 2675 547 2749 transiens,
574 2673 622 2732 ille
643 2690 712 2732 vero
736 2690 801 2732 eum
821 2688 927 2746 magna
949 2666 1114 2727 difficultate

78 2759 263 2834 sequebatur.
305 2758 436 2818 Tandem
448 2761 600 2836 asperitate
620 2761 726 2820 itineris
748 2766 777 2818 et
797 2758 903 2817 laboris
925 2756 1065 2828 turbatus,
1086 2755 1115 2811 in

79 2847 204 2919 nomine,
216 2847 315 2921 inquit,
336 2846 439 2922 Patris,
461 2847 605 2923 quomodo
627 2848 668 2906 sio
690 2844 785 2906 imus?
808 2844 872 2922 Quo
886 2843 970 2918 dicto,
991 2841 1116 2916 maligna

78 2930 131 2993 tila
157 2931 259 2991 mulier
286 2930 397 3011 eitius⁹)
427 2936 550 2995 evanuit.
602 2933 641 2992 Et
668 2951 734 2993 eum
764 2933 836 2992 eoeli
864 2936 939 2992 esset
965 2930 1116 3000 serenitas,

78 3035 188 3096 magna
210 3019 311 3078 eadem
331 3020 403 3078 hora
430 3023 506 3080 eirea
528 3038 594 3080 eum
614 3019 691 3080 taeta
712 3026 757 3080 ost
777 3023 932 3094 tempestas
954 3022 983 3075 et
1003 3014 1116 3091 pluria,

78 3106 232 3182 ipsumque
257 3105 452 3165 madefactum
478 3110 614 3182 exterius,
642 3109 759 3166 interius
781 3105 930 3166 contusum
951 3105 1058 3162 remisit
1078 3100 1117 3160 ad

79 3199 264 3253 eonventum.
307 3191 461 3253 Confessus
483 3201 526 3252 est
545 3201 647 3270 postea
662 3193 700 3275 ¹⁰),
722 3196 789 3269 quia
805 3191 941 3269 quamdiu
962 3207 1029 3250 eum
1050 3205 1116 3246 mu-

78 3276 151 3339 liere
163 3277 214 3338 illa
231 3278 443 3354 deambulabat,
463 3283 617 3339 maximam
628 3283 720 3340 earnis
732 3280 921 3340 titillationem
931 3277 1064 3337 habuerit
1077 3271 1116 3353 ¹¹).

100 3394 133 3464 1)
149 3394 215 3448 Paul.
233 3396 277 3458 te,
296 3395 378 3447 ta·
399 3395 432 3463 2)
449 3395 470 3447 Β
488 3396 726 3464 praedictis-
746 3396 777 3464 3)
795 3396 815 3447 B
833 3404 896 3447 tam
914 3394 1032 3447 11111-
1051 3392 1118 3458 4)Α

152 3462 334 3516 deducente
352 3466 490 3531 spiritu,
509 3466 529 3517 11
548 3466 687 3519 ducebat
705 3467 896 3533 spiritus-
911 3462 1037 3532 ancer
1055 3463 1116 3529 qui.

154 3563 185 3574 -
204 3534 237 3603 6)
253 3533 274 3587 G
291 3535 501 3603 significauit
519 3551 581 3586 non
599 3536 702 3589 licere
721 3535 785 3588 eibi
809 3535 912 3603 loqui,
935 3533 999 3586 ADP
1017 3532 1118 3599 signi-

151 3602 1065 3674 111111111111111111111011111111.-7)Βάοοίρί1111111111.
1086 3630 1116 3639 -

152 3672 186 3740 tl)
202 3672 244 3726 cn
262 3675 389 3737 nescio,
407 3675 518 3742 inquit.
537 3704 568 3713 -
594 3675 783 3742 9)ccitius
807 3674 946 3743 maligna
973 3671 1029 3723 illa
1056 3686 1118 3721 mu-

153 3741 229 3808 lier,
251 3742 388 3796 Baitios
410 3743 470 3796 illa
496 3743 639 3814 maligna
663 3747 794 3801 mulier.
814 3775 844 3785 —
872 3743 927 3811 m
945 3740 983 3793 tn
1011 3747 1136 3804 anate-a

153 3819 207 3864 est.
230 3842 258 3853 -
280 3813 327 3882 11)
343 3811 430 3868 AGDP
446 3812 619 3872 babuerat.
