2438 4170
92 118 152 179 130
405 109 634 178 bremense
652 109 805 176 issem
829 102 840 129 '

92 245 160 319 quie
180 241 261 301 mnltl
282 246 362 317 sunt,
391 243 416 301 si
436 243 541 300 scirent
567 239 689 298 fructum
719 236 898 315 corporalem
917 236 1016 298 esseio
1032 251 1085 298 coc·

90 330 219 403 sessione,
240 333 396 405 paratiores
418 336 514 387 essent
533 329 563 385 in
576 327 650 385 illius
665 329 859 385 exsecutione.
890 321 1087 385 Montensis:

90 416 235 492 Numquid
257 434 313 475 non
335 432 505 489 memores,
527 414 624 488 qualia
644 413 691 472 vel
712 420 824 488 quanta
840 413 966 473 dominus
974 413 1091 472 Walters
1116 464 1118 485 ,

91 503 193 564 Abbas
215 504 380 562 lilariensis
401 503 484 561 nobis
518 501 620 560 dixerit
652 500 687 559 de
717 502 912 576 confessione,
942 503 1042 560 veniens
1064 495 1094 556 de

91 591 221 651 sollemni
252 593 329 649 euria
357 588 587 662 Franckinvord,
614 591 644 646 in
678 606 735 663 qua
764 588 841 646 filius
869 588 1003 647 Frederici
1024 585 1094 662 Regis

91 678 287 738 Romanorum
310 678 416 736 electus
439 679 531 736 estin
552 674 684 752 Regem?
726 674 930 735 NOVICIUS:
958 676 1026 733 Bene
1043 666 1112 749 qn'

91 765 157 824 dem
179 764 327 839 recordor,
360 763 412 822 sed
441 766 509 838 quia
529 781 610 821 mens
632 764 755 821 hominis
776 763 873 822 labilis
895 769 939 822 est
957 764 1092 835 memoriae,

91 853 186 927 placet
207 852 295 910 semel
316 851 422 924 andita,
443 853 566 909 maxime
590 868 663 924 quae
685 850 768 908 saluti
790 852 1026 923 suntnccesseria,
1042 862 1091 907 sat·
1116 876 1118 913 r

91 941 155 1014 pius
167 937 275 996 audire.
318 936 553 997 MONACHUS:
577 937 648 996 Cum
660 954 761 1010 essem,
781 939 884 1011 inquit,
905 932 1089 1009 Franamnn
1115 924 1118 965 ¹

92 1034 121 1083 et
149 1024 280 1100 loquerer
314 1042 379 1083 eum
408 1028 544 1101 magistro
575 1023 704 1084 Conrado
733 1024 856 1082 Decano
884 1024 1015 1100 Spirensi,
1038 1024 1088 1080 inter

93 1119 188 1171 cetera
210 1112 267 1169 dixi
288 1111 343 1169 illi:
367 1112 517 1188 Quaedam
537 1115 605 1171 novi
627 1111 868 1185 decentessime,
891 1129 965 1186 quae
977 1122 1086 1185 vospisc-

95 1199 235 1257 dieatores
257 1201 328 1258 seire
351 1198 501 1258 deberetis.
543 1198 732 1258 Praedicabst
753 1200 831 1256 enim
854 1216 980 1274 erucem;
999 1203 1084 1272 etrogt·

92 1287 133 1344 vit
154 1303 202 1345 me
221 1286 271 1345 illa
291 1285 438 1361 replicare.
482 1286 611 1362 Quorum
631 1293 712 1345 tenor
731 1285 796 1343 talis
820 1292 873 1344 est

450 1476 681 1538 CAPITULUM
701 1476 771 1536 XV.

94 1600 142 1658 De
163 1603 267 1660 elerico
283 1601 486 1662 slttrubotenei
508 1605 754 1676 despectorem,
778 1618 858 1675 quoe
880 1600 916 1658 de
936 1597 1080 1669 incendisse

122 1690 332 1765 confessionem
354 1689 479 1748 liberato
501 1694 550 1761 cst,
572 1706 639 1746 cum
661 1691 869 1762 arpentaeium
886 1686 1063 1763 interioritati

159 1827 249 1903 Apud
271 1832 415 1887 civitatem
437 1827 670 1887 Attrabstensem
683 1823 699 1906 ¹)
722 1832 789 1885 ante
811 1844 904 1886 annos
925 1824 1079 1902 paucosiurt·

94 1916 139 1973 nis
161 1915 278 1989 quidam
300 1915 419 1975 clericus
441 1918 561 1988 exstitit,
584 1914 619 1973 de
643 1914 743 1973 eadem
765 1916 882 1972 civitate
903 1921 993 1986 natus,
1011 1907 1106 1968 delio·

95 2003 151 2059 tius
173 2003 279 2061 ibidem
302 2003 339 2061 ab
362 2004 480 2061 infantis
502 1998 689 2082 educatus²)‚
711 2008 740 2060 et
760 2003 833 2059 inter
856 2001 986 2061 honestos
1004 1995 1080 2056 clen'cot

94 2098 294 2148 conversatus.
321 2090 377 2166 Qui
399 2108 464 2149 cum
485 2105 542 2147 non
564 2089 683 2147 haberet
703 2087 821 2163 aliquod
842 2088 1004 2163 stipendium
1020 2077 1081 2142 eotlt·

95 2178 254 2251 sincicum,
278 2184 306 2236 et
327 2184 419 2236 mater
440 2179 500 2235 eius
523 2178 663 2251 coepisset
685 2193 781 2252 cgere,
803 2175 907 2251 puduit
928 2193 987 2234 eum
1003 2175 1080 2229 manti

94 2281 160 2322 cum
181 2264 238 2322 illa.
280 2264 457 2340 Inflatusque
479 2265 577 2339 spiritu
599 2262 755 2336 diabolico,
782 2263 821 2320 ad
844 2263 959 2321 domum
978 2252 1080 2318 cunin
1116 2262 1118 2339 l

93 2349 187 2408 divitis
221 2355 374 2426 argentarii
402 2354 481 2410 venit
507 2368 573 2409 cum
602 2350 677 2409 dolo.
731 2349 784 2407 Cui
815 2356 843 2408 et
873 2350 956 2407 dixit:
981 2342 1080 2404 Merctlir
1115 2350 1118 2443 j

94 2437 209 2511 quidam
233 2438 313 2497 (lires
335 2441 463 2497 venitin
487 2438 602 2496 domum
623 2455 731 2511 meam,
752 2437 853 2495 volens
876 2449 1023 2511 comparare
1037 2438 1080 2498 iti·
1116 2448 1118 2493 i

94 2524 168 2599 plros
189 2533 348 2601 argenteos,
371 2525 474 2585 calices
498 2528 591 2599 ctiam,
613 2532 641 2583 ct
663 2525 719 2583 alia
742 2524 885 2599 quaedam
907 2521 1023 2592 vascula,
1042 2513 1080 2570 illi
1113 2502 1118 2535 ¹

94 2620 261 2671 omaments
291 2613 326 2671 dc
354 2629 423 2671 auro
453 2614 514 2671 sive
543 2619 661 2688 argento
690 2611 848 2670 fabrefacta
857 2608 887 2691 ³).
937 2610 967 2669 Si
989 2601 1040 2682 quil
1055 2593 1079 2652 li
1114 2640 1118 2689 1ι

94 2698 144 2755 tali
167 2717 252 2774 opere
274 2699 397 2759 vendere
420 2700 558 2773 volucris,
590 2702 619 2756 in
652 2699 775 2758 saccello
803 2703 895 2773 ponc,
924 2705 952 2755 et
974 2694 1015 2754 tali
1034 2688 1079 2746 hors
1115 2716 1118 2749 ε

91 2784 186 2858 solus,
217 2789 284 2860 quis
312 2794 452 2845 secretum
481 2786 544 2844 vult
575 2804 654 2860 esse,
687 2789 785 2844 venias
814 2786 853 2844 ad
882 2786 991 2843 domum
1011 2783 1079 2869 miili
1116 2800 1118 2809 ·

90 2869 281 2945 Argenterius
304 2873 339 2931 de
362 2874 464 2932 elerico
486 2873 560 2932 bene
581 2874 637 2931 sibi
658 2880 727 2931 noto
760 2873 868 2931 nullam
895 2871 996 2930 habens
1017 2872 1078 2932 sunl·
1116 2872 1118 2909 ³

90 2958 210 3030 cionem,
233 2966 264 3016 ut
286 2963 405 3018 iusserat
426 2961 501 3034 feeit,
522 2967 620 3018 tamen
643 2978 699 3035 quo
721 2962 812 3018 iturus
835 2966 909 3018 essct
922 2953 1078 3016 familiaesut
1116 2956 1118 2961 '

88 3043 254 3102 notificavit.
298 3046 389 3121 Quem
413 3065 478 3104 cum
502 3047 620 3105 clericus
642 3047 735 3105 solum
757 3049 919 3115 venientem
940 3024 1077 3128 aspicercllli

88 3136 153 3201 post
174 3134 278 3188 ostium
301 3150 332 3190 se
354 3134 513 3209 abscondit,
534 3137 722 3209 intrantisque
746 3135 894 3192 cerebrum
916 3118 1077 3216 sacundionis

87 3221 116 3272 ct
137 3218 250 3274 occidit.
292 3218 404 3278 Deinde
434 3239 498 3278 eum
529 3238 626 3280 sorore
649 3224 758 3298 virgine
780 3221 924 3278 hominem
944 3211 1076 3276 membrtllll

87 3301 260 3378 dividentes,
294 3309 322 3363 in
345 3307 473 3364 cloacam
494 3311 685 3383 proiecerunt.
727 3307 850 3366 Familia
871 3323 939 3364 vero
961 3282 1076 3363 sumiti,

87 3405 151 3445 eum
173 3391 264 3450 redire
286 3393 419 3468 tardaret,
440 3394 478 3452 ad
500 3395 619 3455 domum
642 3396 737 3455 clerici
757 3397 845 3470 venit,
866 3395 977 3452 ubinam
985 3383 1076 3446 dominil

105 3559 134 3625 1)
152 3561 238 3611 Afris·
259 3592 289 3601 -
315 3564 347 3631 2)
365 3564 385 3617 C
403 3563 563 3616 educatus
581 3564 619 3617 ab
637 3565 783 3617 infantia
801 3563 916 3616 ibidem
935 3548 1073 3630 delicatius

154 3664 184 3672 —
205 3633 236 3705 3)
254 3631 274 3687 G
292 3635 362 3686 sive
388 3633 426 3683 de
453 3645 590 3702 argento
617 3635 795 3688 fabricate.
815 3665 846 3674 -
865 3625 1074 3702 l)GproiP¹⁰⁶‘

154 3718 215 3764 ret.
236 3740 268 3749 —
289 3707 321 3780 5)
336 3705 362 3761 n
378 3704 528 3760 nrtiiiois¹
