2438 4170
414 238 470 296 DE
493 234 778 298 GONVERSIONE.
1071 236 1110 295 53

186 359 293 418 vnete
312 378 379 419 mos
397 368 494 435 paret,
515 364 642 419 morinos
663 360 715 418 aed
732 360 847 436 ferretne
868 359 967 416 oleret.

185 446 256 504 Vita
274 447 388 523 fefellit,
409 465 548 523 moroque
567 448 675 524 refellit
695 465 758 504 reon
779 447 958 504 simulatam.

180 533 346 608 Httdepnnt
366 535 453 606 dieta,
475 539 553 593 uitae
576 540 617 592 eoi
637 539 670 592 e'n
691 534 787 592 codice
808 536 926 607 scripta.

165 619 256 697 'Moti
277 619 320 678 bio
341 624 416 678 cents
438 628 480 679 est
501 623 572 679 hoec
593 621 734 697 defuncta
756 619 909 679 Kalendis.

146 720 344 783 NOVICIUS:
373 724 420 782 De
448 725 504 784 hac
525 724 622 800 puella
653 723 767 782 videtur
797 721 1011 799 intelligendum
1042 720 1112 779 illud

95 804 252 869 Solomonis:
273 810 429 869 Mulierem
448 811 558 888 fortem
580 808 834 887 qantnomtetss?
877 807 1111 869 MONAGHUS:

96 892 239 1065 'liupatpmpsp
257 898 392 957 fortitudo
413 892 516 958 mentis
537 902 567 956 in
589 897 761 974 quibusdam
792 897 918 972 seminis,
951 902 984 954 ut
1005 897 1111 1005 ¹merito

356 1167 364 1176 ”
430 1158 663 1219 CAPITULUM
676 1157 758 1217 XLI.

127 1279 166 1338 De
182 1282 267 1341 nduo
290 1281 461 1354 Coloniensi,
484 1300 561 1357 quoe
582 1285 615 1340 tn
636 1299 732 1356 cappa
754 1283 885 1340 converet
907 1298 1021 1356 epreoou
1044 1287 1085 1337 est

503 1369 538 1427 de
559 1372 685 1428 civitate.

156 1503 273 1567 Honesta
293 1506 436 1583 quaedam
457 1513 588 1566 matrona
611 1508 646 1566 de
670 1506 804 1581 Colonia,
827 1506 930 1566 divitiis
951 1505 1062 1581 pollens
1084 1513 1113 1564 et

106 1594 181 1650 ntate
198 1593 305 1669 florens,
328 1611 393 1653 cum
414 1601 480 1670 post
501 1597 594 1653 mariti
614 1601 735 1653 mortem
753 1593 865 1652 Christo
887 1594 995 1652 nubere
1017 1591 1112 1664 vellet,

105 1676 188 1738 timore
204 1684 364 1756 amicorum,
386 1699 404 1740 a
426 1682 529 1757 quibus
552 1685 613 1740 eius
635 1680 806 1740 desiderium
818 1680 1035 1755 impediebatur,
1056 1679 1111 1739 ha·
1185 1678 1191 1691 ”

105 1760 154 1821 nn
172 1767 275 1828 consilio
298 1769 404 1827 domini
424 1768 525 1827 Karoli
546 1769 671 1827 Abbatis
692 1760 874 1841 Vilariensis,
897 1784 1019 1841 cappam
1041 1782 1111 1824 con-

106 1851 168 1908 ruri
182 1854 277 1939 indpit‚
306 1857 404 1930 sicque
434 1873 485 1931 per
516 1856 596 1914 illum
618 1855 654 1914 de
676 1856 790 1913 civitate
812 1853 931 1928 educta,
959 1856 989 1911 in
1010 1853 1110 1912 Monte

106 1940 370 2018 mnewalburgis
391 1943 520 2000 monialis
543 1948 587 2001 cst
609 1943 717 2000 effecta.
753 1939 955 2000 NOVICIUS:
977 1940 1023 2000 De
1040 1957 1110 1999 con-

107 2024 210 2086 versione
228 2029 379 2088 viduarum
400 2047 452 2088 seu
473 2032 670 2088 maritatarum
679 2024 709 2106 ³),
732 2045 805 2104 quae
828 2028 863 2086 de
877 2029 957 2086 faece
973 2022 1109 2105 sacculi⁴)

105 2114 277 2191 amaverunt,
309 2133 368 2176 non
390 2116 510 2175 multum
531 2119 632 2191 miror;
661 2118 805 2191 virginum
833 2132 902 2174 vero
933 2121 1033 2174 contra
1053 2132 1108 2191 pa-

105 2201 194 2260 rffltrrm
211 2202 385 2262 voluntatem
407 2221 438 2263 so
460 2206 685 2263 convertentium
707 2205 896 2261 constantiam
924 2204 993 2260 satis
1015 2201 1108 2261 admi-
1171 2201 1173 2205 ’

104 2278 178 2452 m)
206 2288 437 2350 MONAOHUS:
460 2290 607 2367 Quasdam
628 2308 665 2350 ex
685 2289 729 2348 his
751 2307 802 2366 pro
826 2288 956 2365 exemplo
977 2290 1030 2348 tibi
1050 2305 1106 2364 po-

417 2548 648 2611 CAPITULUM
669 2549 766 2609 XLII.

183 2671 227 2731 De
246 2676 433 2733 conversione
446 2673 592 2732 Mettot‘lde'o
605 2677 767 2748 meptotme
788 2675 820 2730 in
833 2671 1002 2745 Fuoinnich.

151 2804 263 2871 Domina
272 2811 418 2870 Methildis
438 2813 574 2887 magistra
594 2810 679 2870 hodie
701 2813 730 2868 in
740 2809 905 2883 Fusinnich,
927 2827 992 2867 cum
1014 2809 1106 2868 habc-

98 2897 269 2969 reparantes
291 2899 451 2973 ditissimos,
474 2905 502 2956 et
523 2898 561 2957 ad
582 2898 688 2956 saecuti
705 2901 818 2973 nuptias
831 2899 990 2971 nutriretur,
1012 2895 1106 2956 adhuc

96 2978 220 3044 inorme
239 2991 337 3045 tenera
358 2988 525 3060 constituta,
558 3001 589 3044 se
611 2985 672 3043 solo
696 2984 808 3043 Christo
831 2983 904 3042 velle
927 2984 1106 3058 desponsari,

95 3070 263 3147 monensque
272 3070 292 3152 ⁷)
314 3072 375 3131 fieri
405 3072 529 3148 quotidie
550 3078 707 3147 protestata
725 3078 776 3145 est.
820 3071 949 3146 Cumque
962 3070 1107 3129 blanditiis

91 3154 240 3218 straminis
261 3176 318 3218 non
339 3166 437 3235 posset
458 3162 566 3232 averti,
588 3159 633 3217 die
663 3159 788 3234 quadam
809 3159 938 3217 vestibus
959 3160 1108 3233 purpureis

89 3250 177 3303 eontra
195 3243 400 3326 voluntatem)
421 3246 529 3320 induta,
550 3249 634 3304 matri
656 3246 815 3321 respondit:
836 3244 956 3303 Etiamsi
987 3245 1108 3304 feceritis

87 3346 126 3389 rue
145 3349 266 3408 auream,
286 3350 344 3393 non
365 3336 493 3410 poteritis
515 3339 626 3392 mutare
647 3336 825 3408 propositum
846 3349 951 3390 meum.
979 3330 1109 3391 Tandem

98 3465 126 3535 1]
140 3464 257 3518 Proverb.
268 3454 311 3530 31,
325 3467 365 3519 10.
376 3467 459 3519 Verba
471 3467 514 3519 Dc
531 3467 589 3518 hac
603 3496 633 3505 -
646 3465 812 3518 inveniet?
830 3464 1004 3516 Monachus
1017 3464 1108 3516 absunt

143 3534 262 3587 acodice
279 3535 309 3588 Ι).
328 3566 359 3576 -—
387 3536 456 3604 2)r
482 3536 666 3588 laudentur.
687 3566 718 3574 -
746 3534 837 3604 3)1)Ρ
864 3537 1055 3586 uraritarum.
1075 3563 1107 3573 —

142 3605 176 3673 4)
193 3605 213 3658 G
230 3606 354 3657 saecuti
373 3606 471 3657 faece.
484 3637 514 3646 -
529 3607 560 3674 5)
579 3605 599 3657 G
617 3607 699 3657 satis
717 3604 859 3656 admiror
877 3606 1106 3655 constantiam.

143 3674 430 3744 -6)unasdam
458 3675 518 3727 tibi
545 3675 580 3726 de
607 3675 655 3725 his
682 3691 737 3742 per
764 3674 909 3741 exempla
935 3688 1062 3739 ponam,
1086 3673 1110 3724 D

164 3743 293 3797 uaedam
319 3760 375 3813 pro
401 3744 450 3796 his
476 3747 506 3797 in
534 3744 712 3812 exemplum
739 3744 801 3795 tihi
823 3757 1005 3811 proponam.
1026 3771 1056 3782 -
1076 3742 1108 3808 7]

138 3761 424 3884 {mortalemque
444 3845 475 3855 -
494 3815 526 3886 8)
544 3813 565 3870 0
581 3814 630 3868 add
649 3830 746 3869 suam.
