2438 4170
319 75 335 155 s
411 114 467 174 nu
489 68 759 174 annuemus.
998 62 1003 71 ¹
1039 113 1100 171 aas

17 245 21 255 ·
86 237 226 320 ,ωηεπῑὺὴ
250 238 401 312 coepitque
428 236 463 302 in
485 232 554 296 vitio
580 237 759 312 proprietatis
783 233 927 295 delectari.
971 231 1101 309 Cumque

18 374 24 384 .
52 314 55 325 '
90 317 228 391 huiumodi
239 321 257 404 ¹)
286 324 410 389 studium
438 323 530 383 eidem
557 340 695 383 converso
717 322 754 381 ad
775 322 832 382 hoc
853 324 935 379 nimis
963 337 1100 381 converso

22 418 25 425 '
89 407 279 486 prohiberetur,
317 427 413 470 amore
443 409 569 469 discendi
600 411 774 486 apostasiam
801 411 925 468 incurrit.
953 407 1121 471 Modicum

11 501 15 511 '
88 494 168 557 brnen
198 504 313 574 propter
348 503 471 559 aetatem
502 497 628 573 profecit.
678 496 790 556 Deinde
825 496 863 555 ad
898 495 1100 553 monasterium

85 584 241 651 menitentia
263 584 365 643 ductus
385 584 505 659 rediens,
530 591 558 643 et
579 585 634 644 hoc
655 601 746 659 usque
768 586 850 643 tertio
873 585 1003 655 actitans,
1025 598 1101 639 nune

84 662 117 724 ab
138 670 243 731 scholas
265 671 426 730 saeculares
448 671 587 746 exeundo,
608 689 683 730 nunc
704 669 890 744 revertendo,
912 667 1026 726 diabolo
1049 684 1100 726 co-

80 750 179 821 binam
204 759 235 816 in
263 775 295 817 se
319 759 449 833 praebuit
470 761 617 817 materiam
639 758 804 833 decipiendi.
847 755 1003 816 Visibiliter
1026 756 1100 813 enim

78 831 260 920 llllapparens
280 846 310 902 in
331 846 425 919 speeie
447 845 548 920 angeli,
570 848 625 904 ait:
648 845 735 903 Disce
756 844 872 917 sortiter,
895 844 962 917 quia
973 842 1100 899 futurum

77 929 133 1003 cst,
157 937 184 990 et
204 948 222 989 a
243 931 308 990 Deo
332 931 495 1006 diffinitum,
528 938 560 990 ut
580 928 831 990 H'alberstadensis
856 929 909 987 iias
931 929 1099 1003 Episcopus.

73 1001 178 1076 Stultus
196 1017 244 1078 ille
267 1017 372 1077 diaboli
394 1016 474 1076 dolos
495 1035 552 1076 non
574 1020 743 1092 observans,
765 1018 899 1093 sperabat
919 1011 1001 1074 iu'se
1023 1016 1099 1073 anti-

71 1104 130 1167 qua
157 1104 321 1164 renovanda
351 1104 411 1163 sore
446 1103 591 1163 miracula.
642 1104 717 1179 Quid
752 1102 853 1179 plura?
888 1102 945 1161 Die
962 1099 1098 1183 ¹quadarn

10 1208 13 1265 r
68 1184 198 1249 serrem
226 1208 363 1251 convorso
392 1208 423 1249 se
451 1193 597 1266 ingerens,
625 1191 702 1250 clara
730 1208 801 1250 voce
831 1196 859 1249 et
888 1189 970 1248 hilari
997 1184 1097 1267 facie²)

68 1260 193 1337 llibebat:
214 1277 309 1337 Hodie
321 1277 480 1353 Episcopus
495 1276 744 1342 Halberstadensis
760 1277 907 1336 defunctus
924 1283 975 1350 est,
996 1275 1099 1334 festina

68 1364 162 1423 Venire
196 1364 235 1424 ad
270 1366 428 1439 civitatem,
458 1367 503 1424 oui
531 1382 550 1422 a
584 1365 648 1423 Deo
684 1365 812 1424 Antistes
839 1365 995 1422 destinatus
1004 1359 1024 1441 3)
1058 1377 1097 1420 es.

68 1434 158 1521 litoius
186 1453 261 1510 enim
290 1450 437 1509 consilium
465 1453 567 1514 mutari
594 1469 652 1511 non
680 1457 783 1528 potest.
825 1450 929 1510 Statim
955 1451 1040 1507 miser
1062 1446 1096 1507 de

70 1539 233 1596 monasterio
263 1537 376 1596 silenter
404 1539 516 1611 exiens,
542 1544 626 1597 nocte
655 1539 756 1598 eadem
784 1540 813 1596 in
842 1537 926 1595 domo
949 1534 1097 1594 cuiusdam

71 1612 173 1683 honesti
212 1624 368 1683 sacerdotis
404 1627 483 1682 iuxta
515 1624 631 1699 opidum
666 1627 817 1684 Xantense
851 1624 1010 1698 hospitatus
1045 1628 1096 1680 est.

71 1698 106 1767 Ut
130 1717 226 1770 autem
254 1711 376 1787 gloriose
397 1711 434 1770 ad
459 1710 557 1770 sedern
586 1729 668 1770 suam
689 1715 812 1787 veniret,
839 1717 925 1770 nocte
954 1715 1021 1767 ante
1049 1709 1096 1766 lu-

72 1808 127 1855 tsrn
155 1814 289 1873 surgens,
318 1815 424 1872 equum
452 1798 571 1872 hospitis
600 1798 685 1858 valde
708 1801 817 1879 bonum
838 1799 952 1870 stravit,
975 1813 1095 1872 cappam

69 1881 190 1944 eusdem
199 1883 299 1958 induit,
320 1884 488 1943 ascenditet
505 1885 583 1942 abiit.
624 1885 712 1945 Mane
731 1886 838 1944 familia
860 1885 969 1957 domus,
991 1881 1095 1941 damno

68 1972 192 2047 cognito,
214 1976 375 2046 apostatam
395 1973 547 2046 insequens
568 1971 762 2048 apprehendit,
783 1990 802 2032 a
823 1989 881 2047 qua
902 1970 940 2029 ad
960 1969 1095 2029 iudicium

65 2056 209 2117 saeculare
226 2075 292 2116 cum
312 2057 386 2116 furto
408 2064 525 2132 tractus,
547 2065 575 2117 et
595 2077 646 2134 per
667 2063 834 2118 sententiam
857 2059 1095 2132 damnatus„non

63 2142 228 2203 cathedram
251 2149 283 2202 ut
314 2142 491 2220 Episcopus,
520 2146 571 2204 sed
598 2149 672 2205 sicut
698 2147 742 2204 sur
770 2145 930 2221 patibulum
959 2144 1095 2203 aseendit.

62 2228 151 2291 Vides
180 2230 219 2290 ad
246 2247 331 2306 quem
352 2230 439 2289 finem
454 2234 604 2307 promissio
629 2233 734 2293 diaboli
755 2231 874 2292 tendat?
903 2231 1001 2290 Alium
1024 2247 1094 2290 con·

59 2333 191 2394 remum,
214 2320 266 2377 etsi
287 2334 346 2377 non
362 2323 422 2378 tam
442 2319 605 2395 manifeste,
626 2337 685 2380 non
705 2322 799 2380 minus
819 2327 915 2380 tamen
936 2317 1094 2395 periculose

60 2401 182 2481 dcoepit

401 2559 633 2621 CAPITULUM
652 2561 753 2621 XVII.
830 2508 833 2514 ³
861 2590 863 2594 ⁷

95 2677 173 2738 Item
194 2679 230 2738 da
250 2696 398 2755 converso,
420 2686 472 2758 qui
492 2700 562 2743 ooee
583 2685 679 2742 coculi
700 2684 834 2759 deeeptus
855 2687 887 2742 tn
907 2687 1058 2759 apostasia

471 2777 607 2828 mortuus
630 2777 679 2829 ert.
1050 2772 1053 2776 ’

120 2884 255 2947 Narravit
274 2888 357 2948 nobis
376 2907 451 2950 anno
472 2894 623 2967 praeterito
645 2893 749 2951 beatae
770 2893 923 2952 memoriae
945 2892 1092 2967 Theobalf

56 2968 112 3032 dus
132 2971 235 3032 Abbas
248 2973 465 3052 Eberbacensis,
486 2979 564 3053 quod
586 2979 701 3054 quidam
723 2996 886 3055 conversus,
908 2988 973 3039 oum
995 2983 1091 3041 nescio

57 3074 116 3135 qno
139 3061 283 3147 tenfferet,
308 3068 336 3120 et
358 3080 457 3138 avem,
482 3082 555 3139 quae
578 3066 695 3124 cuculus
718 3065 832 3140 dicitur,
854 3085 872 3125 a
893 3084 965 3126 voca
986 3085 1090 3127 nomen

54 3143 182 3221 habens,
210 3148 335 3207 crebrius
358 3157 520 3209 cantantem
541 3153 665 3228 audiret,
687 3155 764 3212 vices
785 3155 996 3231 interruptionis
1018 3173 1090 3214 enm

54 3230 217 3313 meravitt),
239 3240 268 3292 et
295 3238 396 3312 viginti
418 3236 488 3296 duas
510 3240 668 3314 inveniens,
691 3257 797 3315 easque
819 3243 902 3314 quasi
921 3258 973 3316 pro
996 3244 1090 3300 omine

53 3320 215 3394 accipiens,
243 3338 294 3395 pro
323 3326 404 3382 annis
436 3324 556 3384 totidem
584 3328 662 3385 vices
692 3327 808 3386 easdem
830 3329 884 3385 sibi
905 3329 1089 3402 computavit.

53 3403 116 3481 Eia,
137 3407 236 3483 inquit,
258 3415 334 3467 certe
347 3412 447 3486 viginti
468 3411 581 3493 duobus
593 3415 673 3471 annis
695 3414 789 3473 adhuc
811 3417 917 3473 vivam.
960 3414 1000 3473 Ut
1022 3413 1088 3489 quid

51 3498 135 3553 tanto
156 3498 283 3569 tempore
301 3497 466 3557 mortificem
479 3515 526 3558 me
547 3501 576 3557 in
598 3498 717 3559 ordine?
739 3501 852 3560 Redibo
874 3500 912 3560 ad
933 3500 1088 3573 saeculum,

71 3609 143 3680 nb
165 3611 332 3695 eiusnodi.
354 3643 383 3653 —
408 3613 478 3682 2)B
503 3615 603 3668 vultu.
623 3646 653 3658 -
679 3616 748 3686 3)n
772 3617 921 3671 donatur.
941 3647 972 3658 -
997 3618 1029 3686 l)
1047 3616 1088 3671 BC

122 3690 315 3735 numeravit.
1135 3699 1140 3711 ·
