2438 4170
392 227 447 286 nn
469 226 744 310 oorvrmrrorm.
767 238 780 257 ,
1047 231 1085 286 rr

96 349 182 409 dimittat
205 348 352 425 quodlibet
381 350 508 409 mortale.
551 348 754 409 NOVICIUS:
788 349 939 426 Quomodo
969 349 1025 408 lroc
1052 352 1089 408 sit

41 462 46 469 ·
95 453 134 495 non
148 437 269 513 intelligo.
311 435 544 496 MONACHUS:
575 437 724 512 Quaedam
746 444 812 496 sunt
833 437 970 510 venialia,
992 444 1024 495 ut
1046 445 1089 495 est

41 520 44 527 '
96 524 166 583 nimius
183 524 298 583 allectus
319 531 470 598 parentum
492 523 706 598 circaliberm,
737 524 772 582 do
802 522 904 599 quibus
933 541 991 582 non
1018 541 1089 598 pos-

95 616 140 669 ml
148 607 160 690 ¹)
177 610 277 685 dolere,
298 627 352 670 nec
375 627 410 669 ea
430 618 551 687 possunt
574 611 722 685 dimittere,
745 619 772 670 ct
793 611 897 670 idcirco
911 613 1089 685 cisinpree-

94 699 144 755 renti
158 715 207 756 non
228 699 416 756 remittuntur.
459 697 517 756 Sed
539 697 674 773 quicquid
697 699 732 756 de
754 697 912 757 venialibus
922 698 981 771 fiat,
1002 697 1089 757 homo

94 783 184 859 prudens
204 784 238 843 de
260 785 427 843 mortalibus
449 782 596 865 caveam),
626 787 694 859 quia
716 803 781 843 eum
802 802 853 859 per
873 802 905 843 se
926 787 1017 860 possit
1039 803 1090 844 ca·

94 868 151 945 dere,
172 889 225 930 non
246 877 343 930 tamen
363 889 415 946 pcr
436 889 467 930 se
489 872 567 931 valet
587 889 742 947 resurgere.
787 871 857 948 Quis
880 874 942 946 scit,
964 873 988 929 si
1008 872 1090 930 Deus

93 954 149 1031 ltpro
166 959 292 1039 dignetur
303 955 324 1038 ³)
345 961 488 1034 porrigere
510 976 627 1017 manum
648 959 854 1032 sublevantem,
876 958 930 1017 hoc
949 964 1001 1033 est,
1022 977 1090 1035 gra-

94 1045 141 1102 dun
155 1044 373 1104 illuminantem?
417 1045 540 1120 Quidam
563 1045 675 1119 cadunt,
697 1052 729 1103 ut
743 1045 845 1120 Judas,
867 1051 896 1104 et
916 1062 975 1103 non
995 1063 1090 1104 resur-

92 1132 219 1206 pmtalii,
240 1139 273 1190 ut
282 1133 392 1206 Petrus,
416 1132 528 1208 cadunt,
551 1139 579 1191 et
599 1133 698 1191 fortius
720 1138 878 1209 resurgunt.
920 1133 1025 1191 Dicam
1038 1135 1091 1192 tibi

94 1215 166 1277 debis
184 1222 344 1278 testimonia
365 1221 520 1293 verissima,
543 1226 572 1279 et
592 1225 672 1278 tanto
695 1221 746 1279 tibi
764 1237 826 1280 esse
841 1218 947 1279 debent
958 1223 1091 1296 gratiora,

94 1311 171 1377 everto
190 1314 255 1365 sunt
275 1308 439 1367 recentiora.
1078 1333 1081 1337 ·

422 1530 655 1592 CAPITULUM
677 1532 728 1590 VI.

120 1685 177 1759 ,De
195 1687 397 1746 Hildebrorrdo
408 1673 536 1747 ⁴latrone
557 1691 760 1763 impoenitente
770 1731 779 1760 ,
802 1695 830 1746 ct
849 1705 946 1762 poeno
968 1692 1028 1747 ctus

467 1781 537 1850 post
557 1781 690 1833 mortem.

138 1927 267 1990 Recitavit
288 1931 358 1990 mihi
371 1931 464 1990 -frater
479 1932 641 1990 Bemardus
663 1931 821 1991 monachus
843 1938 939 1990 noster
961 1932 996 1991 de
1019 1949 1093 2006 quo-

94 2008 141 2071 dem
156 2016 271 2091 homine,
293 2018 387 2078 divitis
410 2019 558 2078 cuiusdam
570 2011 673 2093 billieo,
696 2022 744 2094 qui
765 2020 888 2094 graviter
903 2021 972 2077 satis
984 2019 1094 2093 eccidit,

93 2102 179 2175 etpost
197 2104 307 2180 lapsum
329 2123 445 2182 surgere
466 2123 523 2165 non
545 2106 644 2165 voluit.
686 2106 725 2165 Et
744 2105 809 2165 ideo
830 2107 902 2165 forte
914 2123 972 2164 non
993 2106 1093 2181 voluit,

93 2186 141 2256 lffie
155 2208 207 2250 non
227 2194 328 2268 potuit.
370 2194 483 2252 Revera
505 2210 562 2251 non
583 2195 683 2268 potuit,
705 2195 772 2268 quia
794 2193 900 2252 donum
920 2196 1093 2252 contritionis
1113 2265 1117 2279 Ι

92 2269 197 2337 bromo
217 2297 273 2338 non
294 2280 355 2337 fnit.
398 2280 509 2338 Nomen
531 2279 638 2338 homini
659 2280 888 2354 Hildebrandus‚
909 2279 1041 2339 habitans
1062 2283 1090 2338 in

92 2355 140 2419 vlla
156 2365 272 2440 quadam
294 2367 441 2426 Dioeccsis
463 2367 660 2441 Traiectensis,
683 2385 756 2443 quae
779 2367 879 2426 dicitur
896 2364 1092 2445 Holehoimb.

41 2470 43 2533 ς
91 2438 131 2503 Dii
147 2453 262 2526 quadam
283 2453 386 2512 silvam
407 2472 472 2512 cum
494 2455 549 2512 alio
580 2455 704 2529 quodam
734 2458 851 2514 concive
881 2472 932 2513 suo
965 2457 1092 2527 intravit,

91 2542 160 2611 illm,
178 2540 312 2600 suadente
335 2541 464 2616 diabolo,
487 2558 552 2599 cum
574 2541 626 2600 soli
647 2548 757 2614 essent,
779 2542 890 2601 occidit.
934 2542 1058 2600 llucrant
1071 2538 1090 2619 ⁵)

90 2614 212 2695 dumio
244 2630 316 2687 inter
344 2645 394 2686 cos
425 2631 605 2704 inimicitiam
637 2628 688 2686 scd
720 2636 788 2687 tuno
815 2631 951 2703 temporis
979 2631 1091 2703 penitus

90 2716 149 2767 emt
166 2717 279 2789 sopitae.
322 2715 449 2774 Reverso
471 2715 667 2774 Hildebrendo
688 2719 717 2772 in
738 2715 851 2788 villam,
879 2715 1093 2791 interrogabant

91 2802 139 2852 lim
155 2804 233 2860 amici
255 2804 348 2877 occisi,
369 2802 419 2861 ubi
441 2808 523 2861 osset.
568 2803 623 2878 Qui
645 2802 804 2878 respondit:
823 2803 935 2861 Nescio.
977 2802 1091 2876 Exspc-

90 2880 203 2945 tuton
223 2888 278 2946 illis
300 2889 345 2947 dic
366 2889 413 2948 illo
437 2896 465 2948 ct
487 2890 593 2964 altero,
626 2907 690 2948 cum
712 2905 769 2948 non
791 2890 895 2948 rediret
923 2891 972 2964 qui
983 2884 1003 2968 ⁶)
1033 2891 1091 2951 iam

90 2963 157 3029 tillim
173 2992 228 3033 non
248 2979 347 3050 potuit,
369 2984 534 3052 suspectum
555 2976 692 3035 habentes
713 2979 771 3036 iam
793 2976 900 3035 dictum
916 2976 1091 3035 Hildebran-

89 3046 140 3112 dlsst
157 3068 264 3136 propter
284 3066 414 3138 antiquas
435 3066 602 3138 inimicitias,
625 3080 721 3123 coram
742 3064 834 3122 iudice
855 3066 885 3121 in
899 3081 1016 3122 causam
1029 3056 1090 3121 tra-

89 3149 177 3221 rerunt,
208 3151 368 3225 crimenque
394 3150 538 3209 homicidii
565 3153 768 3226 imposuerunt.
818 3152 881 3226 Quo
911 3150 1008 3208 timide
1036 3167 1090 3208 ne-

89 3234 166 3321 pote,
190 3238 280 3311 coepit
310 3239 374 3312 ipsa
393 3238 479 3296 iacies
502 3255 568 3296 cum
581 3235 600 3318 ⁷)
623 3238 756 3312 prodere,
784 3245 811 3296 et
834 3256 899 3296 cum
921 3238 1090 3296 instantibus

89 3305 184 3378 'ullium
199 3340 300 3398 negare
314 3342 371 3383 non
389 3331 494 3399 posset,
513 3325 658 3383 confessus
676 3332 719 3383 cst
733 3327 800 3400 quia
811 3324 954 3383 hominem
967 3325 1090 3383 occidis-

90 3403 129 3456 lti·
145 3402 236 3468 Statim
247 3410 315 3469 data
328 3429 412 3486 super
423 3428 488 3470 eum
499 3415 646 3486 sententia,
664 3429 774 3488 poenae
781 3408 803 3491 ³)
819 3412 899 3471 rotali
911 3412 1089 3470 adiudicatus

107 3580 227 3648 ¹lssuou
243 3607 377 3663 possunt
394 3614 464 3650 non.
484 3628 515 3638 -
535 3599 566 3664 2)
584 3597 604 3650 0
622 3597 670 3649 add
693 3600 744 3651 vel
767 3599 925 3650 dolcat-
950 3599 982 3664 3)
1000 3597 1019 3649 G
1044 3597 1089 3648 di-

143 3671 246 3722 gnetur
262 3668 362 3733 lapso.
383 3699 413 3708 —
428 3669 459 3737 4)
477 3668 498 3719 D
516 3662 676 3719 llolohom.
697 3699 727 3708 —-
743 3670 774 3737 5)
793 3668 812 3720 G
829 3667 879 3719 add
897 3669 986 3719 enim.
1007 3697 1037 3705 -
1057 3667 1089 3731 6)

144 3724 252 3860 3οέιέιέαέ
267 3753 346 3861 ⁰120}J
361 3736 381 3791 G
402 3739 461 3790 ium
488 3753 548 3789 non
575 3737 691 3791 redire.
712 3769 742 3778 -
769 3738 839 3805 7)c
865 3740 978 3804 ipsum.
998 3767 1028 3776 -
1057 3736 1089 3801 8)
