2438 4170
91 224 152 285 382
412 225 640 331 ulsuntcrlo
668 226 802 290 SEXTA

429 399 661 462 CAPITULUM
681 401 787 461 XXX

90 520 138 579 ne
158 521 282 596 emptu
303 524 437 580 uastare
458 526 603 595 curua,
632 526 684 598 qu
704 520 881 582 unacum
904 494 1040 594 mrsu,
1062 526 1133 598 qua

144 611 235 667 rnatu
257 613 317 667 etus
339 616 552 683 conquesturus
575 617 646 668 essct
668 610 703 668 dc
722 611 782 682 illo,
805 610 916 668 cinon
937 608 1083 669 libam

442 714 509 754 cunt
531 715 551 753 u
574 700 733 756 tentatione
745 693 773 770 ¹).

154 814 188 872 ln
217 815 347 874 Claustra
361 812 381 895 ²)
411 816 526 891 quidam
562 833 717 876 conversus
748 815 870 891 simplex
903 818 976 876 satis
1009 819 1131 893 graviter

37 912 63 965 ,·
90 902 261 960 tentabatur.
305 902 361 978 Qui
383 908 464 969 stans
483 906 512 961 in
535 906 662 962 oratione
684 904 728 962 his
750 903 846 961 verbis
868 920 941 962 usus
965 909 1026 962 est:
1047 905 1130 977 Vere,

90 987 224 1064 Domine,
245 991 268 1048 si
289 989 518 1049 nonliberaveris
540 1008 586 1049 me
608 992 645 1050 ab
657 986 678 1068 ³)
700 991 755 1049 bae
776 992 945 1064 tentatione,
973 1007 1029 1066 ego
1051 993 1129 1050 matri

91 1081 158 1134 tuae
180 1075 216 1135 de
237 1082 266 1134 te
287 1093 451 1151 conquerar.
495 1078 563 1136 Pius
585 1078 727 1136 Dominus
754 1079 891 1153 magister
912 1077 1083 1136 humilitatis
1102 1084 1128 1136 et

91 1170 201 1222 amator
232 1161 462 1243 simplicitatisll,
490 1181 525 1223 ac
555 1167 579 1223 si
600 1167 711 1222 timeret
732 1163 808 1238 apud
830 1169 956 1223 matrem
986 1166 1124 1237 accusari,

92 1251 221 1308 conversi
249 1253 454 1324 querimoniam
480 1255 642 1327 praevenit,
669 1253 855 1309 tentationem
878 1253 942 1309 eius
965 1268 1033 1310 mox
1054 1253 1123 1308 miti·

91 1353 171 1411 gans.
214 1334 296 1394 Alius
326 1337 441 1411 quidam
465 1355 626 1417 ‘conversus
648 1345 712 1413 post
733 1344 844 1413 tergum
868 1340 931 1398 eius
954 1344 1043 1412 stans,
1064 1354 1121 1397 cum

90 1421 165 1482 hanc
188 1425 346 1482 orationem
367 1424 507 1497 audisset,
535 1427 664 1498 subrisit,
686 1423 747 1482 aliis
770 1441 833 1482 eam
843 1420 863 1503 ⁵)
888 1423 927 1482 ad
950 1425 1119 1484 aedificatio

63 1548 65 1553 η
90 1526 157 1568 nem
178 1512 309 1568 recitans.
351 1510 554 1570 NOVICIUS:
577 1510 671 1586 Quem
692 1528 749 1569 non
771 1509 904 1569 aedificet
924 1517 1009 1571 tanta
1027 1511 1118 1570 Cirristi

90 1595 258 1655 humilitas?
279 1595 514 1656 MONACHUS:
536 1594 642 1656 Dieam'
661 1598 712 1656 tibi
733 1597 804 1656 alias
822 1597 999 1674 simplicium
1019 1600 1116 1659 oratio·

90 1700 151 1758 nes,
171 1685 201 1743 in
224 1684 327 1759 quibus
350 1684 444 1743 adhuc
467 1685 588 1760 amplius
610 1684 778 1744 iocunderis.

403 1873 635 1936 CAPITULUM
656 1871 813 1956 XXXI.‘³*)
902 1891 904 1895 ’

89 1997 138 2054 Dc
158 1997 281 2070 tuctusd,
304 2017 382 2073 quac
397 1997 545 2057 Christum
565 2002 709 2074 quaesiuit
729 2001 761 2056 in
778 1997 939 2073 foramine,
962 2005 990 2056 ct
1009 1998 1111 2056 iuuat

154 2134 293 2213 Magister
314 2137 476 2212 Johannes,
504 2155 581 2196 nunc
603 2137 705 2195 Abbas
727 2139 818 2195 sancti
840 2132 1029 2214 Trudonist),
1056 2150 1108 2194 cum

91 2229 217 2296 tempore
241 2225 365 2298 quodam
387 2227 415 2281 in
430 2224 555 2282 Saxonia
576 2225 713 2282 inclusam
736 2225 790 2281 sibi
807 2222 974 2281 familiarem
992 2225 1106 2292 visitaret

92 2315 120 2367 et
140 2310 189 2368 illa
211 2311 305 2385 sseret,
335 2315 388 2368 ait:
419 2310 494 2386 Quid
523 2311 629 2386 habes,
659 2309 780 2368 mulier?
826 2309 923 2384 Quare
952 2303 1105 2368 lacrimaris?

91 2396 292 2472 Respondente
320 2399 381 2456 illa:
412 2398 473 2474 Ego
504 2399 612 2472 perdidi
641 2399 797 2455 Dominum
825 2415 938 2471 meum,
968 2393 1104 2454 devotionis

90 2483 350 2556 fervoremnotmm,
374 2485 475 2543 Abbas
488 2483 507 2563 ⁷)
531 2488 623 2544 sciens
646 2485 723 2542 illam
744 2484 878 2542 seminam
901 2501 965 2543 esse
987 2488 1103 2551 sanctam,

89 2571 250 2629 ioculariter
261 2569 282 2650 ὅ)
306 2573 464 2630 subiunxit:
496 2572 589 2631 Circui
611 2572 731 2648 angulos
755 2570 873 2629 cellulae
895 2577 978 2645 tuae,
1007 2576 1033 2627 et
1057 2567 1102 2624 dic:

90 2658 228 2733 Domine,
257 2660 307 2717 ubi
331 2658 382 2717 es?
406 2659 545 2733 responde
567 2660 649 2734 mihi,
680 2659 795 2717 forsitan
818 2661 846 2715 in
869 2657 966 2732 aliquo
987 2655 1103 2716 foramine

90 2749 162 2804 muri
183 2749 306 2821 reperies
329 2743 434 2824 eum9).
478 2746 559 2821 Quae
582 2748 671 2804 verba
685 2746 823 2819 simplicia
836 2744 1000 2820 simpliciter
1018 2739 1103 2800 intelli·

89 2850 168 2909 gens,
189 2841 254 2908 post
276 2834 433 2892 discessum
455 2832 529 2891 illius
551 2837 674 2909 parietes
698 2832 816 2891 cellulae
834 2835 981 2906 circuiens,
1003 2837 1029 2889 et
1047 2830 1104 2886 sicut

521 2915 542 2939 Ι

108 2967 138 3033 1)
156 2966 175 3018 Β
194 2970 290 3019 matri
309 2984 384 3018 suae
404 2997 434 3006 -
454 2966 491 3016 de
510 2969 581 3033 ipso
605 2998 635 3005 -
655 2968 691 3018 de
711 2968 904 3018 tentatione.
930 2995 961 3005 -
980 2966 1011 3032 2)
1033 2956 1105 3015 cett

159 3037 533 3104 nostr03'moquuidam
553 3038 688 3102 simplex
706 3040 900 3099 conversus,
917 3036 1106 3086 Peonversus

158 3105 285 3171 quidum
304 3107 446 3173 simplex.
463 3138 492 3146 -
513 3109 543 3173 3)
563 3107 626 3158 ADP
644 3107 688 3159 de.
710 3138 739 3145 -
759 3108 790 3172 4)
809 3106 872 3156 ADl’
891 3102 1108 3173 simplicitatis

159 3183 190 3224 et
214 3185 338 3228 amator
363 3177 566 3228 humilitatis.
587 3208 616 3216 —
637 3179 668 3243 5]
688 3178 706 3228 B
725 3184 750 3226 et
769 3175 836 3241 prC
860 3174 952 3239 aliis,
975 3172 1110 3226 nortun

159 3261 215 3295 corr
232 3245 252 3295 G
270 3246 417 3314 aliisque.
438 3247 512 3297 Paulo
525 3257 582 3312 post
595 3263 682 3297 omnes
700 3247 755 3296 libri
774 3245 880 3295 habent:
899 3246 1063 3296 recitavit.
1078 3239 1112 3297 lt,

158 3316 204 3366 te:
224 3332 289 3381 „quo
308 3318 385 3367 verbo
404 3316 498 3373 audito,
517 3317 556 3367 ille
575 3317 677 3368 multum
696 3316 840 3367 aedificatus
856 3323 905 3374 est,
923 3315 1008 3366 multis
1026 3307 1113 3364 illudad

157 3384 354 3436 aedificationem
367 3389 498 3436 recitans.“
512 3417 542 3426 —
554 3388 585 3454 a)
596 3387 683 3437 Homil.
696 3387 714 3438 l.
726 3403 750 3451 p.
764 3386 821 3436 tet.
834 3415 865 3423 —
876 3385 958 3453 6)Bc
974 3387 1114 3452 Magister

157 3453 323 3505 lohannes
347 3457 489 3506 llecanus
514 3458 683 3524 Aquensis.
710 3454 758 3506 Sed
783 3455 847 3504 idem
878 3457 1031 3506 narrationis
1052 3467 1117 3504 exer·

157 3524 225 3575 diurn
249 3524 328 3575 habes
350 3527 375 3575 in
398 3525 486 3576 llomil.
506 3527 545 3577 lll.
570 3544 594 3591 p.
615 3527 673 3577 171.
710 3526 827 3591 blagister
844 3524 976 3576 iohannes
995 3523 1118 3575 xantensis

158 3610 223 3645 anno
248 3596 314 3645 1222
336 3611 367 3644 ex
394 3595 493 3646 llecano
517 3596 546 3648 B.
564 3597 595 3647 Μ.
620 3597 649 3645 V.
674 3596 883 3662 Aquisgranensis
909 3597 935 3646 in
960 3595 1083 3647 Abbatem
1098 3591 1119 3642 S.

157 3663 279 3715 'l'rudonis
297 3665 424 3715 llioecesis
442 3665 586 3717 leodiensis
604 3666 744 3733 postulatus
765 3674 811 3715 est.
829 3664 902 3715 Cerri.
922 3665 1012 3717 Gelen.
1031 3664 1062 3716 sd
1078 3662 1121 3713 llit.

157 3735 182 3786 S.
201 3734 306 3803 Engelb.
326 3751 350 3800 p.
371 3735 428 3787 198.
449 3766 479 3773 -
495 3737 579 3801 7)Βῦ
596 3737 760 3804 magister.
774 3764 802 3774 -
818 3734 850 3800 8)
868 3733 889 3786 C
908 3736 977 3803 (non
989 3736 1027 3804 Β)
1044 3738 1123 3786 ioca-

157 3804 245 3858 liter.
266 3837 297 3847 -
317 3805 350 3877 9)
370 3804 409 3858 ΑΡ
428 3804 525 3856 illum.
