2438 4170
405 119 460 182 us
482 119 753 185 nnsuovmus.
863 75 866 80 ¹
1035 124 1096 184 aar

18 306 24 315 ,
77 242 195 327 interm
221 259 301 303 mors
328 245 534 320 poenitentium
566 243 775 320 consedissent,
806 249 922 304 sanctru
948 243 1099 324 Remigius

21 358 26 365 ·
71 328 211 392 ienensis
231 331 408 407 Episcopus,
431 331 641 408 pontificalibus
649 332 792 406 indutus,
824 333 1024 408 transgressori
1044 348 1098 393 suo

70 434 203 494 apparens
223 420 279 477 ait:
300 418 432 494 Mengoz,
454 436 543 494 quare
563 435 622 477 non
642 419 730 477 solvis
746 425 847 478 votum
868 417 970 477 tunm?
1013 417 1099 479 Miles

69 520 132 565 vcro
166 522 233 564 cum
270 510 331 564 tam
365 505 400 564 de
434 508 544 564 visione
581 523 668 581 quarn
702 505 738 564 de
772 507 834 565 voti
861 506 1115 581 improperatione·

65 598 229 666 terreretur,
259 608 327 650 mox
349 591 478 652 diabolus
500 591 655 666 advolans,
675 593 771 652 verbis
792 591 987 653 admonitoriis
1008 592 1099 652 verba

64 676 247 742 dissuasionis
276 678 420 738 subiunxit
432 676 448 759 ¹)
472 678 580 738 dicens:
609 679 675 738 Noli
708 679 868 754 festinare,¹
892 679 966 738 bene
998 686 1100 739 votum

59 763 158 825 solves
179 765 295 841 quando
316 767 430 841 poteris.
472 765 605 841 Nihilque
627 765 705 825 eliud
723 764 829 841 dicens,
850 765 995 825 hominem
1015 765 1100 842 pedi-

59 851 117 912 hus
138 854 285 928 arripiens,
306 869 358 927 per
379 858 507 912 ventrem
527 855 558 911 in
578 855 743 928 pavimento
764 859 825 911 tam
844 852 1101 912 immisericorditer

57 940 162 1013 traxit,
190 946 224 997 ιιι
243 938 330 998 iacies
351 942 411 999 cius
432 941 462 997 in
484 945 606 1014 quatuor
626 940 755 1015 partibus
776 939 939 1012 vulnerata,
961 942 1100 1016 sanguine

57 1031 228 1102 erumpente
261 1031 367 1086 terram
400 1025 568 1085 infunderet.
625 1025 718 1101 Quem
751 1043 816 1085 cum
845 1024 1027 1102 Guldolphus
1058 1028 1100 1087 sic

55 1111 139 1172 trahi
157 1111 284 1188 videret,
312 1112 520 1173 attrahentem
541 1130 599 1173 non
620 1114 773 1188 aspiceret,
802 1113 876 1172 sicut
907 1113 944 1172 ab
968 1115 1028 1172 eius
1050 1130 1100 1175 ore
1195 1102 1199 1131 ¹

57 1198 174 1273 audivi,
200 1199 331 1267 turbatus
351 1199 415 1260 ilico
437 1201 572 1277 surrexit,
604 1199 779 1275 militemque
799 1199 923 1259 brachiis
944 1202 1101 1277 stringens,

58 1301 131 1347 cum
150 1285 229 1345 sortis
259 1291 335 1345 esset
363 1292 392 1346 et
422 1288 473 1361 sit,
499 1288 619 1346 retinere
628 1284 649 1367 ²)
678 1289 727 1345 vix
752 1288 854 1362 potuit.
895 1284 925 1345 A
947 1304 1004 1362 quo
1034 1304 1101 1347 cum

58 1388 181 1433 musmo
208 1372 309 1448 culpae
337 1372 422 1432 simul
450 1379 478 1432 et
504 1390 615 1448 poenae
644 1372 803 1448 didicisset,
825 1375 879 1432 ait:
915 1373 1039 1433 Consule
1067 1380 1101 1433 ut

59 1458 168 1520 reddas
178 1465 278 1519 votum
292 1465 381 1517 tuum.
402 1458 605 1535 Respondente
626 1459 683 1534 illo,
704 1477 762 1518 non
775 1458 861 1518 modo
883 1459 977 1519 habeo
991 1478 1100 1536 expen-

59 1562 121 1623 sas,
143 1546 221 1605 dedit
241 1548 268 1604 ei
289 1545 411 1605 solidum
432 1546 639 1622 sterlingorum,
661 1552 690 1606 et
709 1546 756 1605 illc
777 1544 862 1606 solvit
877 1553 977 1607 votum
998 1547 1100 1624 negle-

62 1638 151 1695 ctum.
201 1630 403 1692 NOVICIUS:
432 1632 472 1693 Ut
496 1633 596 1708 video,
617 1651 675 1693 non
695 1634 817 1692 multum
838 1650 857 1692 a
877 1635 961 1693 nobis
979 1635 1100 1695 daemo-

62 1736 117 1781 nes
147 1724 214 1779 srmt
240 1722 355 1795 remoti,
386 1722 435 1795 qui
463 1720 500 1779 ad
535 1719 711 1797 puniendum
737 1737 791 1779 nos
818 1724 878 1778 tam
907 1727 973 1780 sunt
1000 1722 1101 1797 parati

62 1805 299 1867 MONAOHUS:
329 1806 414 1882 Quod
435 1823 547 1883 semper
567 1810 624 1867 sint
644 1809 725 1867 iuxta
753 1823 806 1868 nos
836 1812 865 1867 ct
886 1809 961 1868 circa
981 1826 1049 1883 nos,
1070 1810 1100 1868 in

62 1893 193 1954 subiecto
215 1909 371 1971 cognosces
392 1894 532 1970 exemplo.

403 2065 634 2146 ominosum
654 2084 767 2144 xum.
853 2076 855 2081 ’

159 2205 209 2265 De
229 2205 380 2281 damone,
401 2210 454 2282 qui
474 2209 591 2266 vineam
609 2225 667 2283 pro
687 2207 818 2267 mercede
838 2207 1002 2267 custodivit.

126 2334 215 2404 Anno
235 2346 387 2420 praeterito
401 2350 529 2421 tempore
550 2345 710 2405 vindemiae
726 2345 887 2406 cellerarius
905 2345 941 2405 dc
952 2345 1034 2406 Lacu
1046 2363 1099 2406 cu-

61 2429 176 2490 iusdam
193 2433 279 2490 curtis
306 2435 470 2491 monasterii
487 2434 601 2493 vineam
629 2432 741 2492 duobus
764 2434 854 2492 servis
883 2432 1099 2492 custodiendam

62 2518 212 2578 commisit
254 2518 346 2578 Nocte
368 2518 493 2594 quadam
513 2536 588 2578 unus
607 2535 642 2578 cx
662 2519 716 2578 illis
734 2519 845 2595 vigilias
863 2525 1017 2578 nocturnas
1044 2520 1126 2578 sibi.

61 2610 223 2680 temperare
243 2604 352 2680 volens,
373 2605 519 2665 diabolum
540 2605 700 2665 ioculariter
707 2602 728 2684 ³)
751 2607 867 2665 vocavit
889 2604 1000 2664 dicens:
1022 2606 1099 2665 Veni

62 2690 186 2771 diabole,
207 2691 318 2751 custodi
339 2692 414 2752 hanc
434 2695 556 2767 vincam,
578 2697 607 2752 et
628 2709 681 2768 ego
703 2693 754 2751 tibi
774 2693 897 2766 pretium
913 2690 996 2751 dabo.
1039 2692 1098 2750 Vix

61 2778 154 2838 verba
175 2777 375 2854 compleverat,
397 2785 425 2838 ct
444 2796 511 2838 ecce
523 2778 653 2838 diabolus
663 2779 743 2837 affuit
753 2777 862 2837 dicens:
884 2778 1003 2838 Praesto
1025 2796 1098 2838 sum.

62 2862 140 2941 Quid
153 2880 221 2943 ergo
236 2865 317 2924 dahis
338 2866 416 2941 mihi,
437 2868 461 2925 si
482 2883 547 2925 eam
569 2863 751 2925 custodiero?
793 2865 832 2923 Et
852 2864 914 2924 ille:
937 2864 1098 2941 Cophinum

60 2950 180 3028 plenum
201 2948 308 3032 uvis⁴),
334 2952 385 3011 tali
412 2952 588 3027 conditione,
612 2959 645 3011 ut
672 2954 698 3011 si
724 2948 852 3031 aliquis⁵)
883 2953 1095 3025 intraveritab

63 3054 100 3099 ca
119 3038 209 3116 hora,
240 3055 298 3114 qua
320 3039 380 3099 dies
402 3046 431 3099 et
452 3057 509 3099 nox
531 3046 712 3114 separantur,
733 3055 826 3114 usque
848 3038 886 3098 ad
908 3045 1002 3097 ortum
1024 3038 1098 3114 dici,

62 3136 157 3201 neque
177 3127 322 3202 propriam
342 3143 436 3201 neque
458 3127 580 3186 alienam
602 3129 744 3202 excipiens
759 3138 922 3201 personam,
944 3125 1049 3186 collum
1070 3128 1098 3186 ei

61 3210 186 3290 frangas.
240 3212 324 3289 Quod
353 3230 419 3273 cum
447 3212 579 3273 diabolus
607 3215 797 3289 promisisset,
831 3219 859 3272 et
888 3230 987 3274 servus
1016 3229 1097 3287 sero,

63 3301 147 3374 quasi
167 3298 204 3359 dc
224 3301 310 3360 vinea
331 3317 468 3376 securus,
490 3296 607 3360 domum
626 3302 778 3376 intrasset,
798 3301 840 3360 ait
859 3299 899 3358 illi
921 3300 1097 3360 cellerarius:

82 3484 113 3555 1)
130 3482 195 3539 aur
212 3482 370 3538 adiunxit.
396 3515 426 3524 -
445 3485 477 3608 ἒ)
494 3484 622 3538 ABCDPK
638 3493 740 3550 esset,
764 3478 796 3538 er
822 3487 869 3537 sic
892 3487 1054 3549 retinere,
1075 3484 1098 3536 ir

131 3562 237 3619 esser,
257 3557 414 3608 retinere.
472 3553 589 3606 mandavi
612 3571 644 3606 cx
661 3555 717 3607 loco
735 3554 760 3619 1,
781 3555 828 3608 43:
854 3555 933 3622 ,haec
956 3571 1012 3607 cum
1030 3562 1100 3606 esser

131 3632 159 3676 ei
180 3623 262 3676 adhuc
286 3626 319 3677 sit
334 3623 441 3677 Amoldi
462 3625 537 3676 liius
558 3654 588 3665 -
614 3624 683 3694 3)B
707 3625 870 3678 localiter.
890 3654 921 3666 -
947 3626 979 3694 4)
996 3624 1041 3677 Au
1059 3617 1097 3674 de

131 3694 216 3747 uvis.
236 3723 266 3735 -
285 3694 317 3765 5)
333 3694 399 3748 Alll'
416 3696 444 3748 si
461 3697 544 3763 quis.
