2460 4162
410 233 466 294 DE
488 232 763 296 consessione
1046 239 1104 297 121

417 406 649 468 CAPITULUM
668 408 751 468 VHI.

136 526 193 587 De
211 527 276 604 {itta
297 529 425 642 arnoldi
446 530 612 602 sacerdotio,
635 548 727 605 quam
749 530 876 589 duem
897 488 1058 606 corrupit.¹

121 660 258 725 Bounae
285 668 316 724 in
344 667 480 743 parochia
515 670 606 727 sancti
634 668 757 744 Remigii
785 674 852 727 ante
880 685 988 743 paucos
1017 685 1108 728 annos

46 751 208 811 sacerdos
231 752 348 828 quidam
369 754 429 828 fuit,
450 754 596 814 Amoldus
617 757 749 829 nomine,
762 754 851 814 filiam
870 755 981 814 habens
995 758 1108 830 specio·

49 846 139 893 tam.
189 839 285 915 Quam
306 843 389 899 nimis
412 841 538 917 diligens,
561 844 628 916 quia
648 841 768 916 pulchra
791 848 865 915 erat,
886 848 1003 917 propter
1024 844 1107 902 iuve-

52 931 104 973 1108
126 964 139 994 ‚
167 932 196 983 et
205 921 221 1006 ¹)
245 929 367 985 maxime
390 930 541 986 canonicos
562 928 742 1002 Bonnenses,
771 930 797 987 ei
819 927 977 986 custodiam
998 934 1108 987 tantam
1183 970 1185 975 >

56 999 212 1086 adhibuit
234 1020 267 1070 ut
289 1017 418 1088 quotiens
441 1014 477 1073 de
499 1014 583 1073 domo
607 1017 702 1089 exiret,
723 1017 753 1072 in
776 1014 878 1073 solario
892 1014 992 1073 domus
1006 1012 1106 1093 illam²)

59 1086 227 1158 clauderet
270 1099 326 1158 Die
349 1101 474 1175 quadam
495 1118 636 1176 apparens
659 1104 684 1160 ei
707 1100 837 1159 diabolus
865 1103 894 1159 in
927 1104 1021 1177 speeie
1041 1094 1109 1181 ¹viri,

62 1186 169 1255 eoepit
189 1187 318 1244 animum
339 1190 399 1245 eius
420 1190 450 1245 in
478 1204 605 1246 amorem
634 1206 717 1245 suum
748 1190 824 1246 intus
853 1190 1034 1264 suggestione
1063 1187 1108 1245 la-

63 1257 152 1343 lfflti,
171 1271 238 1330 foris
260 1272 403 1333 locutione
424 1274 589 1347 blandienti,
610 1274 752 1332 inclinare.
797 1274 872 1350 Quid
892 1274 995 1351 plura‘?
1036 1275 1109 1332 Per·

65 1362 162 1416 msa
182 1361 299 1433 misera,
326 1367 355 1419 et
377 1367 527 1436 corrupta,
555 1363 669 1435 saepius
690 1368 793 1435 postea
815 1361 945 1419 daemoni
967 1361 1005 1419 ad
1027 1379 1109 1420 suam

66 1445 229 1507 itrninem
257 1451 408 1506 consensit.
450 1447 516 1506 Una
542 1447 653 1506 dierum
681 1447 815 1506 sacerdos
844 1448 978 1506 solarium
1006 1465 1109 1507 aseen-

68 1516 155 1607 (lins,
174 1531 264 1591 filiam
284 1540 448 1609 gementem
469 1534 641 1608 flentemque
663 1536 784 1609 invenit,
807 1552 825 1592 a
847 1552 904 1609 qua
926 1552 1043 1593 eausam
1055 1534 1109 1594 do·

66 1602 139 1673 tori„
161 1621 211 1679 vix
233 1627 401 1695 extorquere
423 1623 524 1696 potuit.
568 1619 706 1679 confessa
728 1627 771 1678 est
791 1623 880 1694 patri,
910 1621 987 1696 quod
1009 1621 1109 1680 delusa

68 1706 152 1763 aaut
171 1723 190 1765 a
212 1705 351 1766 daemone
373 1714 402 1766 et
424 1724 569 1781 oppressa,
590 1707 712 1781 ideoque
727 1724 758 1765 se
772 1709 872 1765 merito
888 1707 992 1766 dolere.
1027 1707 1109 1782 Quae

68 1779 162 1851 ‘fiam
181 1794 224 1851 ita
245 1793 409 1852 dementata
430 1800 481 1868 est,
503 1799 532 1852 et
553 1812 572 1852 a
593 1811 679 1852 sensu
701 1793 831 1868 alienata,
853 1800 915 1852 tum
937 1811 973 1852 ex
994 1793 1110 1865 dolore,

68 1868 134 1931 lum
165 1895 215 1938 ex·
230 1879 372 1939 diabolica
401 1882 579 1955 operatione,
608 1887 640 1938 ut
668 1879 850 1953 vermiculos,
881 1897 953 1954 quos
982 1879 1017 1939 de
1046 1883 1112 1947 sinu

67 1952 238 2043 &uigebat
259 1969 288 2024 in
310 1983 343 2026 os
365 1969 488 2025 mitteret
510 1974 538 2025 et
559 1970 729 2025 masticaret.
764 1967 864 2024 Tristis
892 1968 1008 2026 effectus
1021 1973 1110 2043 pater.

67 2038 154 2109 misit
187 2052 267 2112 illam
305 2060 384 2112 nans
415 2052 548 2113 Rhenum
561 2051 597 2132 ³),
633 2071 750 2129 sperans
786 2071 851 2112 eam
882 2071 918 2112 ex
953 2056 1109 2112 mutatione

67 2133 150 2195 &eris
171 2138 280 2214 aliquid
300 2154 386 2215 posse
408 2138 564 2213 meliorari,
597 2147 627 2199 ot
654 2142 691 2199 ob
720 2140 842 2198 fluminis
868 2143 1109 2216 interpositionem

67 2208 105 2269 ⁸¹)
147 2227 252 2285 incubo
288 2226 426 2286 daemone
453 2226 575 2285 liberari.
624 2227 805 2285 Transmisso
832 2227 943 2303 puella,
978 2229 1111 2303 apparuit

67 2294 198 2371 (hemon
220 2313 376 2386 secerdoti,
405 2316 509 2389 apertis
531 2316 557 2371 oi
579 2315 698 2372 vocibus
721 2313 833 2373 dicens:
862 2314 940 2372 Male
962 2313 1109 2385 sacerdos,

67 2396 164 2459 (dure
184 2400 327 2459 abstulisti
347 2399 417 2457 mihi
437 2417 555 2458 uxorem
577 2399 693 2458 meam?
737 2400 815 2459 Malo
845 2407 895 2459 tuo
923 2401 980 2459 hoc
1011 2401 1110 2459 fecisti.

64 2465 105 2527 Et
129 2498 201 2545 mox
221 2488 306 2545 trumt
328 2503 394 2545 eum
414 2489 443 2543 in
464 2493 579 2561 pectore
602 2493 662 2545 tam
683 2487 786 2561 valide,
811 2493 844 2544 ut
865 2490 1032 2563 sanguinem
1053 2504 1108 2545 vo-

64 2566 166 2647 mens,
186 2575 270 2631 tertia
292 2572 338 2631 die
358 2579 523 2631 moreretur.
566 2572 661 2631 Huius
682 2576 723 2632 rei
744 2576 822 2633 testis
836 2573 990 2632 cstAbbas
1005 2581 1108 2635 noster.

62 2642 156 2717 oesstis
177 2662 263 2718 etiam
286 2658 432 2718 Gerardus
453 2660 611 2718 monachus
632 2666 742 2733 noster,
775 2660 927 2735 aliquando
949 2661 1109 2719 Bonnensis

59 2720 279 2820 &honericus
302 2746 404 2821 quibus
425 2763 471 2805 res
493 2748 566 2805 benc
586 2749 716 2805 innotuit

434 2955 666 3015 CAPITULUM
692 2956 747 3014 IX.

68 3050 168 3133 [lem
188 3076 224 3134 de
244 3076 367 3135 muliere
387 3079 420 3135 iu
440 3077 568 3149 Briseke,
591 3096 668 3152 quoe
688 3079 815 3135 moriem
837 3075 970 3151 confosso
992 3083 1041 3148 eet,
1064 3094 1094 3133 ee

242 3179 294 3221 eae
315 3166 402 3222 annu
423 3181 491 3222 eum
513 3165 654 3222 wannoc
675 3163 781 3222 incubo
798 3181 940 3238 peccasse.

140 3298 175 3359 In
195 3300 264 3361 villa
284 3300 417 3375 Briseke,
446 3319 520 3376 quae
542 3304 636 3361 vicina
657 3309 701 3362 est
723 3309 814 3362 castro
836 3299 1004 3381 Rinoolrei),
1034 3304 1107 3361 sicut
1188 3376 1191 3381 Ι

51 3364 147 3441 mihi
166 3390 290 3446 surrevit
312 3387 456 3447 Amoldus
478 3390 635 3460 monachus
657 3396 768 3463 noster,
799 3391 847 3465 qui
876 3395 943 3447 tunc
973 3390 1107 3465 temporis

56 3466 137 3523 '⁰¹¹¹
160 3482 268 3549 mlum
290 3474 433 3549 intellexit,
456 3482 522 3534 ante
544 3475 596 3534 hos
618 3494 708 3535 annos
731 3476 881 3535 duodecim
902 3475 1003 3535 mulier
1017 3493 1108 3551 quae-

89 3636 178 3738 uet
201 3659 288 3713 ootC.
308 3690 338 3700 -
359 3661 391 3729 2)
409 3661 430 3711 1)
449 3663 478 3713 in
505 3661 629 3713 solario
654 3678 734 3727 eam,
760 3662 830 3715 Bin
854 3663 978 3745 solario
997 3663 1109 3745 domus

151 3742 260 3861 :titt
275 3730 458 3853 utilit
475 3731 885 3871 tttusittttmtt
900 3731 975 3853 tte
993 3732 1110 3784 ¹¹¹'‘''“

829 3877 855 3952 o
