2438 4170
403 231 457 290 DE
482 231 766 294 OONVERSIONE.
969 284 975 293 .
1061 238 1097 295 13

69 351 267 412 NOVlCIUS:
299 353 412 414 Videris
433 355 502 413 milri
528 356 669 430 praeferre
691 356 818 414 ordinem
834 351 851 434 ι)
872 358 1099 433 peregrinationi.
1142 342 1146 352 ’
1179 378 1181 383 ·

11 452 15 463 ’
69 439 300 521 MONACHUS:
321 441 386 500 Non
400 459 472 516 mea,
495 441 547 500 sed
560 444 727 502 auctoritate
739 443 885 502 Ecclesiae
899 444 1055 518 praefertur
1061 441 1097 523 ²);

67 526 154 586 habet
175 527 244 586 ordo
268 527 459 587 cisterciensis
481 546 508 587 a.
521 529 596 588 Sede
617 530 671 588 sibi
692 529 859 606 Apostolica
880 530 1036 605 indultum,
1066 537 1099 590 ut

67 631 150 672 cruce
182 616 325 691 signatus,
356 615 404 674 vel
437 624 505 676 voto
533 617 683 674 cuiuslibet
713 617 829 676 alterius
864 620 1097 693 peregrinationis

66 700 216 777 obligatus,
238 704 262 760 si
283 705 401 761 transire
423 703 545 761 voluerit
566 702 604 761 ad
625 703 759 777 ordinem,
782 721 878 763 coram
887 704 952 763 Deo
976 711 1004 763 et
1024 694 1097 764 facie

10 846 12 852 ,
64 787 212 847 Ecclesiae
233 791 270 847 sit
290 790 445 849 absolutus.
490 789 574 864 Quod
596 793 619 848 si
640 792 712 849 istae
741 791 815 849 duae
848 808 959 865 cruces,
992 791 1097 850 ordinis

64 874 198 934 videlicet
219 883 248 934 et
267 879 508 953 peregrinationis,
529 894 621 951 aeque
644 884 739 937 essent
750 877 886 952 salubres,
907 878 1097 938 indifferenter

63 961 145 1020 fieret
176 967 359 1022 commutatio
391 964 506 1022 alterius
534 966 564 1021 in
603 964 730 1022 alterum.
780 963 940 1023 Monachus
969 966 1096 1024 ordinem

63 1049 202 1121 deserens
221 1056 249 1108 et
271 1068 383 1109 crucem
405 1053 568 1125 suscipiens,
590 1051 645 1126 vel,
667 1051 744 1125 quod
765 1051 939 1110 tolerabilius
962 1060 1013 1126 est,
1035 1056 1096 1112 sine
1199 1067 1201 1072 ‘

62 1143 217 1211 praecepto
241 1143 269 1195 et
277 1134 297 1216 ³)
318 1137 432 1196 licentia
453 1138 558 1196 ordinis
580 1137 672 1196 eidem
692 1135 938 1217 peregrinationi⁴)
960 1156 991 1196 se
1011 1157 1096 1198 man-

63 1225 170 1298 cipans,
192 1241 250 1283 uon
273 1224 376 1307 Christi
396 1227 569 1301 peregrinus,
591 1224 643 1283 scd
664 1232 796 1301 apostata
818 1225 966 1308 iudicatur.
1008 1226 1096 1285 Novit

61 1327 213 1370 successor
232 1311 322 1386 Petri,
357 1315 402 1370 cui
430 1312 588 1387 specialiter
621 1316 789 1371 commissae
812 1318 877 1370 suut
899 1312 995 1371 claves
1016 1315 1096 1390 regni
1136 1364 1139 1368 .

61 1397 216 1472 coelorum,
238 1398 327 1457 multo
348 1400 407 1458 fore
430 1394 569 1458 salubrius
590 1388 666 1458 intus
687 1396 824 1479 semper⁵)
848 1399 981 1458 dimicare
996 1407 1096 1460 contra

60 1486 206 1544 incentiva
227 1487 375 1561 vitiorum,
407 1505 494 1561 quam
521 1487 587 1545 foris
620 1486 657 1545 ad
686 1493 799 1562 tempus
831 1483 995 1567 adversusi)
1019 1490 1095 1546 acies

60 1571 292 1631 Sarracenorum.
336 1573 513 1648 Quibusdam
533 1579 630 1632 tamen
652 1576 778 1632 converti
799 1573 960 1632 volentibus
979 1581 1094 1633 sanctus

60 1659 225 1718 Bernardus
247 1677 305 1718 non
327 1663 481 1734 consensit,
511 1661 561 1719 sed
584 1662 806 1736 crucesignati,
838 1666 871 1718 ut
892 1667 993 1734 postea
1015 1661 1094 1720 diee-

61 1743 143 1826 tnr'),
165 1749 319 1822 praecepit.
346 1746 546 1807 NOVICIUS:
567 1747 633 1805 Non
654 1764 701 1807 mc
722 1749 848 1822 poenitet
874 1746 948 1804 hanc
970 1750 1094 1807 movisse

61 1836 274 1908 quaestionem,
302 1837 369 1909 quia
390 1833 511 1892 multum
530 1830 605 1913 mel)
629 1833 751 1892 delectat
771 1833 858 1892 talem
880 1833 1022 1893 audivisse
1044 1850 1093 1893 so-

59 1919 208 1979 lutionem.
257 1919 503 1993 ΜΟΝΑΟΗΠΒεΙ
525 1921 645 1980 Secutus
676 1927 719 1980 est
745 1923 804 1979 iam
835 1917 939 1999 fatus⁹)
975 1921 1094 1981 clericus

60 2014 193 2066 sanctum
212 2006 391 2066 Bernardum
421 2025 486 2067 cum
514 2011 591 2067 socio
620 2025 672 2067 suo
694 2007 823 2067 Waltero
856 2007 894 2067 ad
916 2007 1094 2068 Claramval-

61 2093 127 2169 lem,
147 2095 272 2169 factique
294 2101 360 2153 sunt
379 2095 485 2154 ibidem
507 2096 593 2154 ambo
615 2094 756 2155 monachi.
801 2093 925 2171 Contigit
945 2095 1094 2170 peridem

61 2190 191 2257 tempus,
220 2186 254 2238 ut
282 2188 438 2241 conventus
467 2182 665 2242 aClaravalle
697 2181 852 2240 mittendus
874 2188 949 2241 esset
968 2185 998 2239 in
1018 2181 1097 2242 Alna

61 2270 267 2327 monasterium
287 2269 404 2327 fratrum
425 2269 611 2345 regularium,
645 2286 678 2328 eo
701 2268 779 2343 quod
799 2269 886 2328 iidem
906 2269 1006 2328 iratres
1027 2269 1096 2329 red-

62 2356 129 2415 dere
158 2372 190 2413 se
220 2354 310 2413 ordini
347 2359 562 2415 consensissent.
610 2355 749 2415 Habebat
784 2362 880 2415 autem
915 2355 1096 2431 saepedictus

62 2443 229 2502 Leodiensis
246 2440 274 2522 ¹⁰)
285 2461 421 2520 magnum
435 2442 604 2502 desiderium
626 2443 711 2502 eundi
726 2442 936 2501 cumfratribus
950 2442 1097 2518 adipsum

61 2530 170 2604 locum,
193 2528 246 2588 sed
265 2532 357 2588 timuit
379 2529 472 2589 dicere
493 2533 584 2605 patri,
607 2547 708 2589 verens
730 2547 767 2589 ne
788 2529 859 2588 sorte
882 2528 1031 2606 deputaret
1051 2529 1096 2588 le·

61 2619 157 2692 vitati3
181 2634 393 2693 conversusque
415 2616 453 2675 ad
474 2617 630 2676 Dominum
652 2619 751 2691 oravit,
774 2623 914 2691 quatenus
935 2616 989 2674 sibi
1010 2633 1096 2675 reve·

61 2703 147 2778 laret,
182 2703 250 2778 quid
276 2704 370 2763 facere
404 2703 546 2783 deberet
578 2704 616 2761 Et
641 2703 718 2763 iacta
746 2709 790 2770 cst
821 2720 879 2762 vox
906 2702 944 2761 ad
967 2721 1032 2762 eum
1051 2700 1095 2782 ¹¹):

61 2791 131 2850 Pete
155 2790 234 2866 quod
255 2793 306 2864 vis,
329 2797 358 2849 et
370 2790 420 2849 fiet
440 2792 500 2849 tibi.
543 2790 625 2849 Tunc
642 2790 781 2850 accedens
796 2789 991 2849 adAbbatem
1004 2807 1096 2864 suum,

62 2878 199 2937 audacter
229 2877 313 2936 dixit:
334 2878 436 2950 Pater,
458 2881 482 2936 si
504 2884 579 2936 esset
599 2878 732 2937 voluntas
754 2872 864 2951 vestra,
885 2877 1006 2936 libenter
1025 2878 1096 2936 irem

62 2982 126 3024 cum
147 2964 282 3023 iratribus
303 2967 372 3023 istis.
414 2965 453 3023 Et
473 2964 634 3039 respondit:
663 2964 747 3023 Vade
775 2982 840 3022 cum
870 2965 910 3022 eis
930 2966 960 3021 in
982 2967 1096 3024 nondne
1163 2952 1167 2966 ⁸

61 3052 188 3111 Domini.
229 3052 267 3109 Et
288 3055 391 3110 missus
415 3058 457 3110 cst
478 3059 538 3110 tam
567 3054 628 3126 ipse
658 3069 744 3126 quam
765 3050 909 3110 Waltorus
932 3068 997 3110 cum
1018 3068 1095 3110 novo

62 3146 205 3199 conventu
232 3141 262 3197 in
290 3138 376 3196 Alna.
426 3138 491 3197 Non
520 3138 609 3197 multo
641 3145 708 3214 post
738 3138 830 3196 iactus
854 3144 896 3196 cst
917 3138 998 3196 Prior
1015 3134 1044 3217 ¹²)
1066 3140 1096 3196 in

62 3226 161 3287 eodem
184 3227 257 3285 loco.
301 3226 357 3285 Die
381 3224 505 3299 quadam
528 3242 593 3284 cum
615 3228 641 3285 ei
662 3243 735 3283 unus
756 3225 961 3283 monachorum
974 3225 1009 3283 de
1025 3242 1095 3283 con-

61 3314 182 3374 sessione
200 3310 229 3392 ¹³)
262 3315 375 3390 signum
402 3308 524 3387 faceret,
554 3311 615 3384 illc,
645 3330 678 3371 eo
710 3312 787 3388 quod
815 3317 925 3370 sextam
952 3311 1095 3371 Dominae

77 3466 108 3534 1)
125 3463 147 3517 Ο
164 3463 307 3516 ordinem
326 3463 505 3531 praeferre.
525 3493 555 3502 -
575 3464 607 3529 2)
625 3463 645 3517 G
662 3464 851 3531 praefertur
869 3461 1043 3515 Ecclesiae.
1062 3492 1092 3501 -

128 3536 160 3603 3)
180 3533 200 3587 G
217 3533 278 3586 vel.
299 3565 329 3574 —
349 3535 381 3601 4)
400 3533 501 3584 cidem
520 3535 782 3602 peregrinationi
805 3532 882 3584 babet
900 3531 920 3585 C
938 3542 996 3583 ante
1015 3533 1094 3584 sine.

129 3634 160 3643 -
182 3604 213 3671 5)
232 3603 252 3657 0
270 3603 501 3671 spiritualiter.
521 3633 551 3642 -
572 3604 602 3670 6)
621 3603 662 3655 ΒΟ
680 3613 802 3655 contra.
822 3632 853 3641 -
882 3604 913 3670 7)
932 3612 964 3653 nt
982 3611 1095 3669 postea

128 3673 260 3725 dicetur
285 3691 327 3726 orn
345 3673 393 3725 lll'.
413 3704 444 3713 —
472 3673 504 3740 8)
521 3688 567 3723 me
586 3689 626 3724 orn
644 3672 672 3725 G.
692 3690 723 3713 -‘-
751 3673 782 3740 9)
800 3672 821 3725 G
838 3674 898 3723 iam
915 3672 1094 3739 praefatus.

129 3773 160 3783 -
182 3744 231 3810 to)
257 3743 299 3795 Bo
327 3741 544 3795 leodicensis.
565 3772 595 3782 -
625 3743 673 3809 11)
691 3741 711 3794 G
729 3744 839 3810 ipsum.
867 3741 1094 3811 -12)Cipsc

129 3814 229 3866 Prior.
249 3844 280 3853 -
301 3813 349 3882 13)
368 3811 404 3864 de
422 3813 634 3866 consessione
656 3811 735 3867 habet
751 3811 773 3869 E
790 3820 852 3884 post
868 3811 1013 3867 laceret.
