2438 4170
427 244 482 305 DE
503 241 793 306 suffudisset.
1063 246 1125 305 379

89 366 283 443 suspenderis.
325 367 364 426 Et
387 367 452 426 illc:
485 367 580 444 Quare
609 364 788 442 suspendar?
830 364 1033 442 Respondente
1053 366 1093 424 illi
1109 364 1126 446 ¹)

89 453 240 515 Palatino:
261 454 379 528 Nescio,
401 454 453 513 sed
473 471 613 530 praepara
634 460 662 513 te
684 449 767 533 per²)
791 453 1005 528 consessionem,
1027 460 1055 512 et
1077 470 1126 512 or-

91 540 160 601 dina
189 541 225 600 de
250 541 336 601 rebus
364 544 436 623 tuis,
464 543 532 616 quia
560 543 624 600 voci
654 541 767 599 divinae
787 543 918 599 resistere
939 557 997 599 non
1019 541 1126 616 debe03-

90 627 140 687 ille
160 627 261 688 videns
289 627 372 687 ahter
399 645 463 687 esse
491 644 550 686 non
577 644 678 702 posse,
706 630 759 686 ait:
787 626 889 686 Justus
911 627 1126 686 est-Dominus.

92 713 156 791 Ego
184 714 279 790 plures
308 717 336 772 in
358 714 475 773 domum
503 731 598 773 meam
621 713 809 788 declinantes,
840 716 992 788 insequens
1021 714 1126 789 occidi,

93 801 189 860 multis
204 801 294 860 multa
305 804 394 876 rapui,
415 819 468 860 nec
489 802 542 860 tibi
555 800 668 859 domino
690 817 755 859 mco
769 818 896 876 unquam
917 800 1008 859 fidelis
1024 803 1125 874 exstiti,

92 904 186 963 nequo
213 889 387 963 pauperibus
418 890 541 963 peperci.
583 887 622 944 Et
649 888 742 946 mirati
769 895 836 945 sunt
857 904 956 947 omues
978 888 1126 947 audientes

93 977 154 1034 eius
176 975 390 1049 contessionem,
412 980 440 1034 et
459 979 653 1050 cognoverunt
672 977 701 1032 in
724 976 783 1033 eius
805 980 905 1048 morte,
925 977 1036 1049 peccati
1052 991 1126 1049 poe·

92 1079 160 1120 nam
188 1078 251 1121 esse
282 1061 396 1120 aDeo.
439 1061 477 1118 Et
498 1063 566 1135 quia
586 1060 663 1119 idem
683 1061 830 1119 Palatinus
852 1063 912 1119 sine
934 1061 1126 1120 misericordia

91 1147 235 1222 iudicavit,
258 1165 322 1208 cum
343 1149 373 1205 in
394 1147 531 1206 ultionem
548 1146 671 1222 Philippi
690 1147 786 1223 Regis,
807 1163 893 1221 quem
915 1147 1066 1222 occiderat,
1087 1148 1124 1207 ab

92 1232 218 1297 Heurico
244 1233 421 1292 marschalco
444 1237 505 1293 eius
527 1233 744 1308 interficeretur,
768 1234 988 1292 misericordiam
1010 1237 1125 1310 quaesi-

92 1323 142 1397 vit,
162 1339 216 1381 nco
229 1323 343 1380 invenit.
375 1320 441 1379 Non
463 1327 507 1380 est
528 1338 652 1396 aequum
673 1320 817 1394 iudicium,
838 1337 892 1380 nec
913 1338 932 1379 a
952 1321 1017 1380 Deo
1039 1339 1125 1397 prae·

92 1408 223 1483 ceptum,
252 1415 285 1466 ut
313 1409 403 1466 minor
436 1415 464 1466 et
485 1410 576 1466 maior
598 1407 682 1483 culpa
703 1407 788 1466 simili
807 1424 902 1482 poena
922 1405 1125 1488 plectantur2).

91 1492 293 1555 NOVIGIUS:
314 1493 382 1553 Jam
403 1497 472 1554 satis
495 1512 530 1553 ex
552 1494 596 1553 his
618 1494 718 1567 didici,
741 1494 818 1569 quod
838 1494 920 1552 Deus
941 1492 1124 1574 peccarunt)

90 1582 191 1657 puniat
211 1581 368 1640 secundum
388 1580 506 1639 modum
529 1587 557 1638 et
570 1580 737 1655 qualitatem
759 1580 868 1654 culpae.
888 1578 1123 1641 MONACHUS:

90 1666 158 1727 Hoc
186 1667 302 1743 plenius>
318 1670 390 1726 scies
418 1668 654 1742 insequentibus
677 1667 816 1742 capitulis,
836 1669 866 1724 in
888 1668 991 1742 quibus
1021 1670 1125 1727 nostris

89 1754 267 1830 temporibus
296 1753 505 1814 evidentissime
526 1757 626 1829 punire
647 1753 738 1813 voluit
758 1755 859 1813 vitium
881 1753 1061 1830 duplicitatis.

412 1961 644 2022 CAPITULUM
672 1961 804 2021 XXVII.

113 2086 162 2144 Dc
184 2085 359 2144 ilrooclerico
388 2085 423 2143 dc
444 2084 636 2159 Ertcportze,
669 2087 722 2158 qui
741 2085 877 2143 revoluto
898 2102 979 2143 anno
1002 2086 1102 2144 cadem

178 2173 232 2248 dic,
254 2173 427 2231 ebdomota
449 2178 585 2230 mortuus
608 2177 649 2229 cst
671 2172 773 2243 elutus,
799 2189 861 2247 quo
882 2173 1037 2248 Philippos

277 2260 344 2318 Rex
366 2262 427 2317 acus
449 2259 598 2317 industtto
619 2258 725 2334 fuerat
744 2259 939 2318 introductus.

155 2395 297 2473 Tempore
319 2396 495 2471 schismatis,
528 2395 605 2471 quod
627 2401 687 2455 erat
707 2398 780 2454 inter
801 2396 966 2472 Philippum
988 2403 1017 2454 et
1038 2393 1124 2456 Otto·

89 2498 157 2542 nem
176 2483 272 2559 Reges
293 2484 502 2557 Romanorum,
533 2500 599 2540 cum
621 2482 804 2542 Colonieuses
833 2490 895 2542 tum
915 2489 1032 2557 propter
1052 2483 1125 2541 obe·

90 2568 227 2629 dientiam
249 2570 331 2629 Sedis
352 2569 553 2644 Apostolicae,
581 2576 643 2627 tum
669 2576 783 2643 propter
810 2568 1006 2627 iusiurandum
1033 2568 1125 2627 eidem

90 2653 189 2723 Ottoui
211 2652 360 2733 factum⁵),
381 2655 501 2713 fideliter
522 2657 694 2728 assisterent,
716 2661 745 2713 et
765 2654 861 2713 multis
884 2657 1015 2729 expensis
1037 2661 1124 2728 atque

89 2741 201 2802 damnis
231 2748 259 2801 et
279 2741 410 2817 periculis
423 2738 444 2820 6)
467 2741 660 2814 subiacercnt,
693 2739 809 2815 quidam
838 2757 873 2798 ex
902 2743 942 2799 eis
962 2743 1091 2816 pecuniis
1104 2738 1124 2820 ²)

88 2845 108 2889 a
128 2828 286 2888 fautoribus
298 2827 430 2902 Philippi,
452 2834 484 2886 ut
500 2826 655 2901 dicebatur,
677 2828 801 2901 corrupti
815 2833 882 2884 sunt
896 2826 1014 2886 occulte.
1046 2827 1125 2886 Inter

88 2933 163 2991 quos
191 2917 284 2990 potior
304 2914 456 2973 videbatur
476 2913 670 2973 Theodericus
692 2912 728 2972 de
749 2913 923 2988 Erinportze.
966 2914 1023 2972 Per
1044 2916 1125 2972 cuius

88 3003 224 3062 astutiam
251 3007 361 3061 tantum
383 3001 544 3060 laboratum
565 3005 624 3074 est,
656 3006 688 3059 ut
710 3000 822 3059 deserto
844 2999 950 3083 Ottoue
976 2999 1124 3076 Philippus

88 3093 118 3147 in
148 3090 292 3147 civitatem
321 3090 499 3163 reciperetur.
544 3085 600 3148 Ore
630 3086 745 3163 quidem
771 3088 864 3146 suerat
891 3105 958 3147 oum
977 3089 1042 3163 illo,
1073 3087 1125 3147 sed

91 3174 177 3235 corde
199 3191 265 3233 oum
286 3177 350 3234 isto.
400 3174 457 3234 Die
480 3174 604 3249 quadam
631 3192 698 3234 cum
723 3174 800 3233 idem
819 3175 968 3250 Philippus
988 3182 1124 3250 patronos

88 3264 226 3335 civitatis,
266 3264 315 3338 qui
351 3261 633 3337 circumferebantur,
673 3268 854 3337 sequeretur,
896 3261 1020 3321 ducebat
1047 3262 1124 3321 idem

88 3348 282 3410 Theodericus
305 3346 403 3428 euml)
426 3349 464 3408 ad
485 3354 644 3424 matronas,
671 3350 824 3424 respiciens
854 3355 882 3408 et
909 3349 1019 3408 dicensz
1047 3349 1124 3408 Ecce

107 3533 139 3604 1)
156 3534 205 3586 illi
223 3550 263 3586 om
281 3534 373 3587 ott-
392 3534 424 3601 2)
441 3533 506 3586 hlll‘
524 3532 569 3584 ad.
590 3563 621 3573 -
641 3534 672 3601 3)
689 3533 710 3586 B
728 3533 943 3600 plautatum·
962 3535 995 3602 4)
1012 3550 1123 3601 pccca-

157 3612 221 3656 tum
239 3619 280 3656 om
298 3604 326 3656 G.
360 3603 391 3667 ll,
409 3605 433 3654 7.
453 3620 477 3670 p.
497 3603 543 3654 72:
562 3603 645 3669 ,licus
662 3603 799 3655 secundum
817 3605 962 3672 qualitatem
980 3602 1123 3655 atmodum
1148 3652 1156 3675 5

157 3676 254 3740 peccati
275 3676 356 3741 ipsum
381 3675 451 3740 punit
475 3676 630 3739 peccatum.“
651 3702 681 3712 -
710 3675 741 3741 5)
759 3674 878 3726 iactum
905 3690 945 3726 om
964 3673 1013 3725 Bc.
1032 3702 1062 3712 —
1091 3673 1124 3742 6)

156 3741 241 3795 acbl‘
258 3752 289 3795 et
304 3743 417 3797 multia
434 3743 554 3796 daronis
580 3751 674 3811 atque
691 3743 858 3809 periculis.
875 3774 905 3785 -
925 3743 957 3813 7)
974 3743 1125 3810 pecuniis
1153 3756 1160 3787 ¹

158 3810 208 3866 add
225 3812 275 3868 BG.
291 3842 325 3857 -
343 3815 376 3883 8)
393 3812 436 3869 BC
453 3828 522 3895 cum
539 3811 621 3866 idom
639 3811 865 3868 Theodericus.
