2460 4162
303 216 309 228 '
417 241 772 311 ,ιιιΤιιιιιιιιοιιιι.Ι
1050 245 1113 304 aar

76 368 207 445 aliquam
227 366 314 428 fuisso
335 320 488 442 personam
509 366 682 444 angelicam,
711 383 762 442 per
784 381 871 441 quam
891 363 1034 425 Dominus
1054 366 1115 440 pri·

77 473 160 516 mam
184 455 304 514 fratrum
324 453 437 514 illorum
457 471 592 518 rovocare
613 453 704 513 voluit
725 445 904 530 canaam).
953 450 1115 525 Portarins,
1202 487 1206 498 ·

79 559 149 603 eum
169 547 245 602 esset
264 540 370 616 lucus,
393 543 510 601 nomina
531 539 632 600 eadem
652 542 781 615 retinuit,
801 538 912 598 Abbati
933 543 963 597 et
982 537 1115 596 fratribus

79 627 181 688 audita
200 629 339 687 recitavit
380 628 521 687 Resumta
542 633 586 686 est
605 626 796 702 hospitalitas,
819 632 848 684 et
870 626 964 700 eoepit
985 625 1025 684 eis
1048 640 1117 683 mox

78 715 223 775 Dominus
239 714 410 774 benedicere
432 720 464 772 ut
484 716 572 790 prius.
613 711 817 773 NOVICIUS:
840 710 916 788 Quid
937 710 1116 770 sentiendum

80 807 128 862 est
148 801 184 860 de
196 801 259 876 illis,
281 803 329 876 qui
340 800 467 876 hospites
482 800 616 877 colligunt
630 806 658 858 et
676 798 871 875 eleemosynas
882 803 994 856 tantum
1009 797 1117 857 faciunt
1173 791 1176 797 ’

18 922 29 941 .
79 894 200 965 propter
233 886 353 964 gloriam
387 886 520 946 inanem?
559 884 792 945 MONACHUS:
821 884 907 943 Tales
939 882 1034 943 dando
1063 900 1117 943 sua

80 979 220 1051 peccant,
245 979 274 1033 ct
293 973 364 1032 nihil
384 973 462 1032 aliud
483 975 636 1049 recipiunt,
657 974 712 1031 nisi
734 971 811 1048 quod
833 975 987 1046 quaerunt,
1009 970 1117 1030 scilieet

80 1061 198 1121 laudem
208 1060 373 1128 humanam.
416 1058 475 1118 Alii
489 1077 542 1119 sua
557 1059 668 1118 Christo
681 1058 749 1118 dant
765 1063 877 1118 tantum
890 1063 1006 1132 propter
1026 1058 1117 1116 utam

80 1154 239 1222 aeternam,
260 1153 289 1206 et
308 1147 361 1206 hos
382 1146 524 1207 Dominus
545 1164 603 1205 non
625 1145 729 1205 deserit
750 1146 950 1220 inpraesenti.
994 1142 1118 1219 Quidam

81 1250 155 1295 vero
175 1239 291 1310 propter
307 1240 467 1309 utrumque,
487 1217 620 1292 videlicet
639 1238 672 1291 ιιι
692 1235 721 1291 in
743 1233 885 1306 praesenti
907 1229 1020 1289 ditiores
1037 1229 1117 1304 fiant,

82 1327 114 1381 et
144 1323 176 1379 iu
210 1320 304 1379 futuro
319 1383 322 1402 Ι
340 1320 467 1379 habeant
497 1321 586 1378 vitam
618 1325 771 1378 aetenam.
813 1318 851 1376 Et
878 1319 948 1376 istos
975 1316 1118 1375 Dominus

81 1423 174 1484 saepe
199 1405 305 1483 duplici
332 1406 464 1465 mercede
492 1412 669 1480 remunerat,
696 1406 744 1463 hic
765 1422 816 1480 per
836 1405 915 1464 bona
935 1402 1118 1479 temporalia,

80 1497 113 1554 ln
134 1495 229 1555 tuturo
255 1510 307 1569 per
335 1494 412 1552 bona
441 1497 565 1551 aeterna.
608 1491 743 1552 Nonnulli
764 1508 832 1550 vero
855 1496 933 1566 sunt,
963 1492 1012 1565 qui
1033 1491 1119 1550 etiam

80 1597 242 1658 pauperes,
269 1597 322 1639 sua
351 1579 462 1638 Christo
483 1579 654 1654 largiuntur,
688 1585 717 1638 et
738 1578 806 1636 dum
831 1580 975 1652 coeperint
996 1577 1034 1636 ab
1055 1578 1118 1651 ipso

82 1666 183 1742 dian,
203 1672 272 1726 tuno
301 1683 336 1726 ex
364 1666 506 1725 diabolica
533 1669 689 1725 tentatione
715 1664 837 1739 amphus
858 1665 975 1738 tentati,
1001 1681 1119 1721 manum

81 1770 169 1815 suam
195 1753 354 1828 retrahunt,
385 1759 542 1831 egestatem
570 1755 709 1812 timentes.
757 1749 957 1810 NOVIOIUS:
988 1749 1035 1808 De
1062 1749 1119 1809 hoc

82 1839 166 1902 dieas
186 1839 357 1915 exemplum.

420 1994 652 2056 CAPITULUM
676 1995 789 2055 LXIX.

82 2116 137 2176 De
147 2114 270 2193 faniau,
291 2134 369 2192 pace
390 2117 619 2192 hospitalitatem
629 2114 792 2175 Abbatibus
804 2113 996 2175 Oisteccimsis
1010 2113 1121 2172 ocdiais
1223 2176 1225 2178 ,

157 2201 295 2275 exhibuit,
318 2209 346 2262 et
366 2203 463 2287 ditato
485 2210 534 2276 cst,
558 2211 585 2262 et
607 2205 708 2262 eodem
731 2204 857 2274 melosa,
875 2207 1057 2276 pauperata

152 2339 387 2401 MONACHUS:
409 2342 474 2401 Non
497 2349 540 2401 est
562 2341 619 2417 diu,
641 2341 718 2417 quod
733 2341 838 2400 semina
855 2340 1006 2416 quaedam,
1027 2338 1122 2398 adhue

82 2428 161 2490 torte
181 2430 298 2503 vivens,
325 2434 354 2488 et
375 2431 404 2487 in
427 2429 555 2504 quadani
574 2431 689 2488 civitate
710 2445 842 2501 manens,
862 2429 891 2485 in
913 2445 971 2502 qua
992 2425 1123 2484 Abbates

84 2516 187 2589 nostrl,
208 2520 308 2574 euntes
330 2515 368 2574 ad
389 2515 521 2592 generale
544 2515 723 2590 Capitulum,
749 2514 886 2590 hospitari
907 2513 1007 2586 solent,
1027 2511 1123 2587 plures

85 2619 127 2662 ex
149 2602 190 2660 eis
208 2600 282 2660 lucri
308 2604 353 2660 sui
375 2620 463 2662 causa
490 2602 613 2678 hospitio
643 2604 776 2676 suscepit.
818 2600 949 2660 Sentiens
971 2599 1025 2658 sibi
1045 2595 1123 2674 illap

85 2686 129 2749 nd
149 2688 308 2764 ingressum
322 2688 434 2747 illorum
452 2689 590 2762 benedici,
611 2689 708 2747 fenum
728 2688 783 2746 illis
804 2689 892 2763 gratis
914 2684 1000 2760 dedit,
1022 2683 1124 2743 deinde

86 2773 230 2852 pabulum
238 2770 269 2854 ³).
312 2774 426 2851 Quarrto
448 2775 513 2850 plus
536 2776 638 2850 dabat,
661 2781 740 2834 tanto
762 2773 827 2849 plus
847 2773 957 2832 habuit
998 2771 1125 2829 Etcum

88 2861 238 2937 hospitum
267 2878 384 2920 suorum
410 2865 516 2922 meritis
543 2868 572 2922 et
600 2864 727 2922 oratione
755 2864 813 2919 iam
835 2860 914 2919 dives
935 2859 1013 2918 iacta
1034 2862 1124 2931 esset,

87 2948 232 3023 bonisque
243 2949 376 3007 omnibus
391 2948 558 3023 abundaret,
580 2950 674 3024 coepit
688 2947 830 3007 defectum
850 2949 958 3020 timere,
980 2951 1009 3005 et
1031 2944 1125 3003 dicero

88 3036 167 3093 intra
187 3049 236 3093 se:
268 3034 334 3093 Non
368 3041 451 3110 potes
486 3035 534 3095 diu
562 3039 699 3095 sustinere
726 3039 821 3094 tantas
849 3031 1003 3109 expensas,
1038 3030 1125 3090 modo

89 3112 259 3200 conbahe⁴)
280 3138 405 3196 manum,
430 3139 467 3182 ne
486 3122 557 3181 forte
578 3128 776 3198 paupertatem
796 3123 932 3179 incurras.
975 3119 1051 3177 Mira
1071 3134 1125 3176 res.

88 3207 164 3267 Mox
184 3212 217 3266 ιιι
229 3207 387 3283 hospitibus
409 3209 549 3284 stipendia
572 3215 709 3268 consueta
728 3210 852 3284 negavit,
875 3213 903 3266 et
923 3205 1065 3265 Dominus
1086 3204 1126 3261 illi

89 3310 210 3355 manum
243 3293 392 3354 subtraxit
433 3295 499 3354 Non
531 3297 606 3354 enim
638 3298 667 3354 in
696 3294 781 3354 domo
813 3293 862 3354 illa
889 3293 975 3352 frater
1002 3291 1127 3352 Dabitur

89 3379 224 3440 hahitare
245 3387 371 3457 poterat,
400 3381 436 3441 de
458 3400 516 3458 qua
536 3370 688 3458 germanus
717 3384 777 3441 eius
799 3380 876 3439 Date
899 3377 1033 3454 expulsus
1055 3383 1124 3437 erat.

89 3466 225 3529 Tandem
238 3467 276 3527 ad
290 3485 322 3527 se
336 3485 459 3543 reversa,
482 3487 547 3528 cum
562 3487 593 3528 se
606 3485 690 3544 egere
712 3458 896 3543 conspiceret,
919 3465 954 3525 de
976 3467 1127 3524 omissione

89 3544 299 3631 poenitentiam
312 3557 378 3632 egit,
400 3562 428 3614 et
439 3558 534 3632 priora
546 3573 692 3616 resumens
708 3572 803 3631 opera,
812 3556 914 3613 iterum
929 3552 1012 3612 ditari
1027 3554 1128 3626 eoepit.

109 3670 145 3740 l)
161 3669 241 3725 verbu
264 3672 345 3724 Puto
364 3703 395 3714 -
414 3675 586 3727 caritatem
611 3672 723 3726 inlibris
750 3672 824 3724 editis
847 3670 978 3725 NOVlclo
1002 3671 1128 3737 assignata

162 3742 450 3878 ΐιὸῖθξζιῦἒομιι
467 3744 539 3797 sihi.
560 3773 590 3784 -
610 3744 642 3813 3)
659 3743 685 3795 id
703 3751 751 3808 est,
769 3742 914 3812 hospitium,
932 3741 1083 3792 convivium.
1096 3768 1126 3778 -
