2460 4162
438 109 494 170 nn
514 94 784 172 nanuouruua
1064 112 1126 170 aar

452 262 684 326 CAPITULUM
705 264 783 326 LIV.
809 327 810 330 ,
890 272 895 280 “

170 386 261 466 Quod
286 392 462 446 conventum
485 386 595 447 Montis
616 393 737 446 souetoe
764 384 934 462 Wulburpir
953 387 1054 446 irmeii.

157 524 268 585 Retulit
288 523 358 583 milri
380 523 521 599 quaedam
542 525 675 601 religiosa
695 523 917 584 sanctimonialis
940 523 1045 584 ordinis
1073 541 1127 584 no·

96 613 154 688 stri,
173 612 301 671 Petrissa
320 613 443 686 nomine,
465 610 543 687 quod
565 630 630 670 eum
652 618 741 670 staret
761 614 790 669 in
803 610 928 687 quadam
939 611 1128 671 sollemnitate

96 698 134 759 sd
153 701 309 758 matutinas
330 716 349 757 a
370 701 470 757 ceteris
492 700 637 757 sororibus
659 705 777 771 semota,
800 705 828 757 et
849 697 911 757 aliis
932 698 1027 757 valide
1048 699 1128 773 psal-

96 784 226 860 lentibus,
246 787 276 843 in
297 787 452 862 gratiarum
467 789 615 844 ‘actionem
637 791 797 860 erumperet
819 784 933 844 dicens:
954 784 1128 869 Benedictus

96 874 150 947 sis,
177 872 318 945 Domine,
355 871 431 946 quod
459 873 512 931 iste
542 871 661 930 dilectus
688 877 845 930 conventus
874 878 934 929 tam
964 871 1067 932 devote
1099 880 1128 932 te

96 958 209 1034 laudat,
239 965 271 1017 tu
292 958 345 1017 illis
367 960 521 1035 retribuas3
550 976 617 1017 mox
639 958 747 1016 audivit
768 960 917 1032 strepitum
938 957 1083 1017 horridum
1096 956 1129 1038 ¹),

98 1048 178 1122 qnasi
207 1044 326 1104 alicuius
356 1038 403 1104 de,¹
420 1052 495 1104 retro
525 1045 562 1104 ad
590 1051 761 1104 conventum
781 1047 973 1120 properantis,
996 1044 1129 1121 claraque

96 1149 169 1193 voce
192 1132 325 1192 dicentis:
347 1131 413 1191 Hoc
434 1131 484 1191 fiet
504 1150 556 1207 pro
578 1132 657 1207 Deo,
681 1133 836 1190 orationem
859 1134 919 1190 eius
940 1133 1128 1192 subsannans.

96 1220 135 1279 Et
159 1219 358 1278 inhorruerunt
388 1221 521 1277 continuo
545 1236 643 1277 omnes
666 1215 792 1298 capilli2)
823 1220 923 1293 eapitis
945 1221 1014 1277 eius.
1057 1218 1127 1278 NO-

96 1305 259 1367 VICIllsz.
276 1306 369 1381 Saepe
396 1306 506 1364 subitus
538 1305 637 1364 horror
663 1305 773 1363 invadit
801 1322 862 1379 me,
894 1311 954 1363 tam
983 1308 1013 1363 in
1040 1306 1128 1365 choro

98 1410 185 1469 quam
226 1395 256 1450 in
287 1392 403 1467 reliquis
439 1392 518 1451 loeis.
573 1392 654 1467 Quae
691 1392 743 1450 tibi
772 1391 885 1450 videtur
916 1391 1000 1450 huius
1035 1392 1128 1451 horri-

96 1479 240 1557 pilationis
280 1496 342 1538 esse
374 1477 469 1537 ratio?
522 1477 763 1538 MONACHU82-
796 1478 840 1535 Ex
868 1481 1030 1553 praesentia
1058 1479 1129 1539 dae-

96 1582 216 1626 monnm
237 1571 288 1624 est.
330 1564 440 1624 Natura
463 1568 549 1640 oanis,
571 1568 619 1641 qui
640 1565 740 1640 lupum
760 1567 871 1640 insequi
889 1568 1045 1640 consuevit,
1065 1566 1129 1626 talis

98 1659 157 1729 est,
184 1660 218 1712 nt
246 1669 312 1712 eum
340 1670 375 1710 ex
402 1651 527 1727 quadam
548 1654 578 1710 vi
605 1658 724 1710 naturae
752 1653 832 1711 iuxta
859 1668 891 1711 se
919 1655 1037 1727 sentiat,
1064 1670 1130 1712 eum

97 1746 194 1800 nmen
222 1739 311 1800 oeulis
339 1739 419 1797 illum
447 1757 505 1798 non
533 1738 637 1798 videat
687 1739 725 1797 Et
753 1741 821 1814 quia
848 1739 921 1796 inter
949 1755 999 1797 eos
1032 1738 1128 1799 odium

95 1826 225 1886 naturale
248 1822 329 1904 est2),
351 1828 446 1884 statim
467 1826 599 1885 turbatur
621 1831 649 1884 et
669 1825 771 1899 latrat,
805 1823 852 1884 Sis
875 1831 918 1884 est
938 1827 1011 1884 inter
1033 1826 1129 1887 homi-

96 1930 162 1973 nem
198 1919 227 1972 et
262 1912 416 1970 diabolum.
469 1913 633 1971 Inimicitias
664 1913 760 1987 posuit
787 1913 859 1970 inter
893 1928 942 1970 eos
978 1913 1128 1972 Dominus.

97 1998 179 2061 Unde
200 2017 257 2060 vae
279 1999 394 2074 homini,
416 2001 464 2073 qui
487 2016 552 2058 cum
572 1999 620 2058 illo
642 1998 816 2074 pacificatur.
859 1997 978 2074 Semper
994 1999 1128 2059 calcaneo

99 2088 157 2147 eius
179 2086 310 2146 diabolus
331 2084 515 2165 insidiatori).
558 2086 596 2145 Et
617 2086 683 2145 lieet
713 2103 777 2144 eum
806 2084 892 2144 homo
922 2089 1044 2145 exterior
1071 2105 1129 2146 non

99 2174 201 2249 videat,
221 2175 337 2232 interior
349 2169 378 2251 ⁶),
399 2172 428 2230 id
450 2177 502 2247 est,
524 2175 646 2248 spiritus,
668 2162 810 2251 spiritus⁶)
832 2171 907 2230 illius
920 2173 1132 2249 maligniiuxta

100 2276 129 2319 se
147 2263 340 2341 praesentiam
361 2261 436 2329 bene
458 2262 550 2318 sentit.
595 2259 670 2334 Quid
692 2276 760 2335 ergo
782 2261 884 2317 mirum
913 2262 938 2318 si
969 2266 1037 2320 tune
1066 2267 1127 2319 tur-

99 2346 188 2422 betur,
210 2349 234 2407 si
255 2346 402 2406 horrorem
423 2344 550 2421 patitur?
592 2345 657 2405 Hoc
678 2364 778 2405 verum
807 2363 885 2420 esse,
914 2347 967 2405 sub
998 2347 1127 2423 exemplo

98 2432 147 2493 tibi
167 2435 379 2494 demonstrabo.

456 2586 688 2648 CAPITULUM
709 2587 771 2646 LV.

152 2714 200 2787 De
220 2711 379 2784 sacerdote,
401 2684 488 2786 quent
510 2728 576 2768 cum
598 2709 698 2784 plodio
721 2715 837 2767 euntem
858 2708 899 2767 od
920 2710 1066 2768 meletiam

478 2796 612 2881 diabolus
634 2799 746 2855 terruit

159 2921 250 2983 Juxta
272 2919 420 2979 Coloniam
449 2917 582 2976 sacerdos
612 2917 728 2992 quidam
757 2917 809 2975 fuit
836 2915 972 2993 Myolrael
998 2921 1128 2995 nomine,

96 3010 167 3068 ntis
186 3009 334 3084 religiosus
356 3009 384 3063 in
406 3023 509 3081 genere
531 3023 592 3063 suo.
635 3004 691 3063 Hie
701 3003 720 3084 ⁷)
742 3004 863 3062 duarum
883 2998 1016 3062 villarum
1034 3006 1128 3065 eoele-

94 3090 158 3153 lias
188 3097 275 3168 rexit,
304 3111 339 3152 ex
373 3093 477 3167 quibus
509 3110 567 3151 una
594 3087 741 3170 Burgo³),
778 3090 867 3149 altera
895 3090 978 3148 Rode
999 3100 1127 3151 voeatur.

94 3171 239 3256 Tempore
253 3180 378 3256 quodam
392 3174 449 3256 in⁹)
462 3179 651 3253 Paraselreve,
669 3195 735 3236 oum
744 3179 773 3234 in
787 3195 844 3235 una
858 3177 978 3237 eeclesia
992 3196 1053 3237 sero
1064 3198 1127 3238 rna-

93 3242 202 3327 ln'tines
225 3268 355 3339 dixisset,
387 3273 415 3324 et
436 3275 502 3324 ante
525 3265 614 3338 diem,
643 3283 725 3323 servo
748 3281 800 3323 suo
822 3264 956 3338 absente,
983 3266 1060 3325 solus
1089 3266 1126 3324 ad

89 3348 216 3414 aiteram
237 3359 410 3431 properaret,
432 3357 530 3410 timore
553 3354 616 3409 viae
639 3351 765 3428 gladium
787 3368 884 3409 secum
906 3355 1038 3425 portavit.
1074 3352 1128 3428 Qui

101 3466 143 3533 ί)
166 3467 477 3524 ieiunandum-
502 3468 571 3535 2)c
596 3467 664 3533 pili.
683 3497 713 3506 -
738 3466 808 3533 3)Ι)
833 3475 883 3517 est
907 3467 1013 3519 odium
1037 3477 1128 3519 nutu·

124 3537 1128 3605 aurasscnauualeestodium.-4JGenes.3,15.-5)c

162 3606 310 3673 interior
337 3619 493 3660 tamen-
515 3609 546 3672 6)
570 3608 709 3674 spiritus
727 3622 769 3658 orn
786 3605 839 3660 BC.
858 3636 889 3646 -
910 3604 1143 3673 diffiniendi„

160 3702 199 3718 κ
216 3681 249 3747 8)
264 3680 285 3732 Β
301 3679 414 3748 Berge.
436 3710 464 3718 --
488 3679 519 3747 9)
537 3681 569 3731 in
587 3677 662 3733 abest
680 3695 697 3732 a
713 3678 798 3732 lllrris.

842 3752 897 3825 le
