2460 4162
437 258 493 320 ns
514 227 777 321 muraneum
1046 210 1130 320 ”ms
1200 220 1211 239 ⁴

95 383 282 446 convenirent
298 377 316 463 1)
344 380 481 461 Coloniae
511 384 541 441 iu
571 381 692 442 ecelesia
719 381 797 441 beati
827 378 914 447 Petri.
968 377 1132 440 Monachus

94 488 165 532 vero
188 470 356 545 Campensis
377 486 443 529 cum
464 468 584 529 alterum
605 469 772 544 regulariter
793 467 960 541 salutasset,
982 467 1131 527 subridens

96 558 216 619 adiecit:
239 556 316 632 Quid
337 561 395 631 est,
416 554 523 615 frater?
567 556 701 615 Timesne
722 555 817 615 adhuc
834 552 1035 614 vermiculos?
1078 553 1132 613 Ille

95 646 172 705 bene
193 642 347 704 recordans
368 641 444 702 unde
466 642 531 701 talis
563 644 745 719 interrogatio
773 641 893 701 haberet
922 642 1074 717 originem,
1103 645 1133 700 et

95 734 159 808 lpse
179 728 352 791 subridendo
373 728 520 805 respondit
539 730 661 796 verbum
681 730 798 803 bonum,
819 723 973 806 verbum²l
995 729 1134 787 memoria

98 818 231 896 dignum:
254 815 345 876 Crede
366 816 451 890 mibi,
471 815 575 889 frater,
597 821 625 874 et
646 815 702 874 hoc
723 831 775 891 pro
798 821 875 874 certo
898 817 989 888 scias,
1018 815 1133 888 quiesi

97 910 196 966 essent
215 920 315 963 omnes
335 902 483 962 vermiculi
504 904 632 961 omnium
659 901 864 961 monachorum
895 903 925 960 in
952 897 1043 980 uno³)
1067 917 1133 960 cor-

96 1009 177 1070 pore,
198 1008 256 1050 non
277 1007 324 1048 me
347 989 382 1049 de
405 988 502 1050 ordine
524 987 695 1048 morderent.
738 988 802 1064 Quo
824 987 913 1047 verbo
935 987 1051 1062 audito,
1083 987 1131 1047 ille

96 1077 221 1138 multum
241 1075 408 1136 aedificatus
430 1082 482 1149 est,
504 1075 599 1133 multis
619 1074 690 1132 illud
712 1074 749 1134 ad
766 1074 992 1134 aedificationem
1002 1077 1134 1148 recitans.

96 1164 190 1226 Vides
212 1170 336 1240 quantae
356 1162 526 1222 fortitudinis
546 1162 639 1220 sactus
661 1164 696 1220 sit
717 1165 750 1237 is,
773 1164 821 1236 qui
839 1163 1133 1221 anteconversionem

96 1253 184 1311 nimis
204 1250 296 1311 fuerat
315 1247 524 1326 pusillanimis?
568 1247 651 1308 Unde
666 1250 743 1322 boc,
772 1250 882 1308 nisiex
904 1249 1006 1306 divinis
1028 1265 1133 1308 conso-

96 1338 269 1412 lationibus,
297 1353 371 1413 quae
401 1342 468 1395 sunt
495 1338 524 1394 in
554 1333 673 1395 ordine?
716 1326 799 1394 Haec
826 1333 861 1394 de
890 1335 935 1394 his
964 1333 1134 1410 dictasint,

98 1441 173 1503 quos
199 1426 302 1484 vitium
329 1422 568 1499 pusillanimitatis
596 1439 633 1481 ue
662 1428 862 1482 convertantur
887 1423 998 1481 avertit.
1051 1421 1135 1482 Nunc

97 1511 169 1573 andi
200 1511 297 1586 aliqua
329 1509 460 1585 exempla
487 1508 524 1590 de
557 1508 617 1582 his,
650 1525 722 1583 quos
754 1514 820 1584 post
851 1510 1066 1570 conversionem
1097 1525 1135 1569 ne

97 1597 273 1677 proficerent
300 1599 421 1658 tentavit
449 1602 479 1655 et
498 1595 654 1671 impedivit.

435 1801 667 1864 unumunurn
687 1784 801 1862 xnur.

132 1927 183 1986 Dc
205 1924 415 1986 tentationibas
437 1923 782 2071 GodefotgtlScboluatici
801 1929 896 1985 sancti
914 1925 1052 1985 Andreae
1073 1927 1104 1984 io

580 2030 596 2071 o
609 2030 687 2071 oneo.

152 2131 362 2194 ‘Scholasticus
383 2135 474 2192 sancti
494 2131 629 2192 Andreae
657 2135 686 2191 in
715 2132 834 2194 Colonia
856 2132 1042 2208 Godefridus,
1071 2149 1138 2192 cum

100 2226 181 2282 asset
200 2223 244 2279 vir
266 2219 365 2279 debilis
387 2225 416 2278 ct
438 2219 598 2295 decrepitae
620 2220 730 2296 aetatis,
752 2221 790 2279 ad
812 2221 939 2280 ordinem
961 2239 1027 2280 cum
1048 2219 1138 2280 multa

101 2308 193 2369 animi
213 2301 400 2384 constantim)
423 2309 508 2367 venit.
551 2306 614 2383 Ego
636 2323 705 2367 vero
727 2309 876 2383 cumipse
908 2309 938 2366 in
970 2308 1138 2384 probatione

101 2395 155 2454 lui
202 2392 250 2453 De
279 2410 336 2469 quo
365 2395 450 2453 etiam
478 2392 600 2469 plurima
627 2394 730 2468 quibus
758 2395 919 2454 vexabatur
949 2397 1139 2454 tentationum

102 2496 212 2560 genera
232 2478 291 2539 vidi
313 2487 342 2540 et
363 2480 468 2540 audiri.
511 2481 567 2555 Die
591 2480 716 2556 quadam
737 2498 803 2541 cum
825 2481 862 2540 ad
884 2481 1002 2540 chorum
1020 2481 1138 2540 festina-

103 2574 167 2641 ret,
195 2572 225 2627 et
253 2584 374 2642 cappam
402 2584 485 2627 suam
512 2567 629 2627 induere
652 2575 816 2642 conaretur,
846 2567 976 2627 diabolus
1005 2574 1139 2626 conatum

104 2656 168 2715 cius
188 2653 350 2729 impedivit,
383 2670 563 2729 cappamque
590 2654 698 2714 sortiter
725 2657 842 2714 retraxit
850 2651 879 2734 ⁵).
923 2653 1052 2713 Tandem
1073 2660 1140 2730 post

103 2757 165 2801 non
196 2736 371 2819 modicam⁶)
392 2740 587 2817 fatigationem
615 2739 654 2799 ad
682 2757 714 2800 se
742 2758 888 2816 reversus,
916 2759 934 2801 a
962 2740 1076 2801 diabolo
1108 2758 1140 2800 se

103 2826 237 2904 impediri
259 2826 455 2901 considerans,
478 2844 600 2901 cappam
620 2827 737 2887 induere
761 2831 899 2902 cessavit,
922 2835 950 2887 et
972 2830 1086 2904 signans
1107 2845 1140 2888 se

104 2914 217 2992 fugavit
237 2915 389 2987 inimicum,
410 2929 464 2972 nec
476 2907 592 2988 aliquod
608 2914 742 2990 deinceps
764 2932 867 2990 passus
888 2921 933 2974 est
952 2915 1140 2991 impedimen·

104 3007 178 3062 tum.
221 2999 295 3058 Cum
315 3001 373 3059 iam
395 2999 433 3058 ad
453 3000 541 3059 finem
562 3000 691 3061 tenderet
712 3019 803 3060 annus
824 3002 1015 3078 probationis,
1048 3003 1141 3078 coepit

105 3088 136 3149 cl
156 3086 287 3147 dabolus
316 3086 354 3147 ad
382 3094 507 3146 mentem
539 3085 674 3146 reducere
703 3088 832 3163 diversa,
864 3105 938 3164 quae
969 3091 998 3147 in
1026 3088 1140 3149 sacculo

104 3172 251 3235 habuerat
272 3173 429 3248 commoda,
450 3190 611 3248 proponere
633 3177 719 3233 etium
739 3175 876 3251 plurima,
898 3193 973 3250 quae
993 3178 1023 3234 in
1044 3176 1142 3236 ordine

104 3277 173 3323 esse
199 3260 333 3319 videntur
359 3261 555 3334 incommoda,
586 3261 700 3336 pondus
732 3262 864 3322 videlicet
896 3265 1142 3338 vestimentorum,

104 3348 210 3426 longas
230 3347 342 3424 vigilias
364 3354 393 3407 ct
414 3346 571 3423 silentium,
601 3348 725 3421 calorem
752 3351 781 3406 in
813 3356 922 3410 aestate
955 3355 984 3410 et
1004 3350 1092 3426 frigus
1113 3353 1143 3410 irr

124 3532 331 3604 inpostea
350 3534 568 3585 convenirent
586 3533 618 3585 hi
641 3533 717 3597 duo,
740 3533 759 3586 G
784 3533 816 3585 hi
839 3533 900 3587 duo
923 3539 1144 3590 convenirent

178 3611 302 3671 postca.
316 3632 346 3642 -
359 3603 392 3670 2]
404 3602 469 3655 ADP
486 3612 524 3655 et.
534 3603 575 3666 lll,
584 3605 631 3654 21:
652 3604 771 3671 „verbum
790 3603 890 3669 bonum,
908 3608 1011 3660 verbum
1022 3617 1145 3671 sanctum,

178 3672 285 3726 verbum
307 3674 426 3724 memoria
453 3671 649 3741 dignissimum.“
676 3673 748 3726 Cori.
766 3674 813 3738 lV,
831 3677 872 3728 64.
892 3676 936 3740 Vl,
954 3680 977 3730 5.
997 3708 1029 3716 -
1053 3677 1144 3745 3J1lli

177 3757 256 3795 mco.
269 3770 300 3782 -
320 3742 352 3810 ⁴)
369 3741 433 3795 Aut’
451 3744 622 3795 instantia.
635 3773 668 3782 -
687 3744 718 3811 5)
736 3743 755 3796 Ρ
773 3747 923 3799 extraxit.
939 3747 1015 3816 -6)
1033 3747 1053 3800 G
1071 3755 1146 3815 post

178 3810 349 3878 noricam,
366 3812 386 3865 B
405 3827 466 3864 non
484 3821 560 3880 post
577 3812 743 3867 modicam.
