2460 4162
35 314 39 321 ,
121 234 185 297 ars
441 230 669 333 orsrmcrro
696 230 831 296 snxns

123 374 156 418 se
175 356 280 433 legisse
301 355 338 416 de
359 356 455 432 aliquo
476 357 675 439 homiue2qui
694 362 792 416 uuus
812 357 898 415 fuerit
916 357 992 416 circa
1011 372 1160 433 pauperes

125 445 346 519 compassionis,
375 450 473 502 tanus
503 443 711 503 misericordiae
742 461 779 502 ac
805 444 928 519 pietatis
974 444 1159 504 Vestimenta

124 547 179 591 sun
197 530 370 606 pauperibus
391 547 464 607 pene
485 533 545 590 sine
566 532 735 590 discretione
754 530 942 606 largiebatur,
971 537 1090 589 etcum
1111 531 1159 591 ol·

124 624 219 694 geret,
246 617 359 692 aliaque
385 619 576 692 mitterentur,
605 616 641 676 de
667 617 722 676 illis
742 618 834 676 simile
859 617 991 676 iaciebat
1034 617 1160 694 Sempe

125 703 253 762 babebat
279 705 308 760 in
337 704 421 762 corde
447 702 517 760 illud
537 703 708 763 Salvatoris:
735 705 830 776 Date,
858 711 887 762 et
914 704 1036 762 dobitm
1063 704 1158 764 vobit.

126 788 298 865 Compassus
320 797 364 848 est
385 793 411 848 ei
431 791 601 850 venerabilis
615 790 754 866 plebanus
775 793 866 848 sancti
885 790 1002 864 Jacobi,
1022 789 1158 850 domiuus

122 876 313 949 Ererhardus,
335 879 415 935 cuius
435 880 550 934 memini
569 880 599 935 in
612 877 790 936 bennenom
801 884 903 952 quarta
914 877 1040 953 capitulo
1054 882 1158 937 'nona-

122 966 231 1041 gesimo
252 970 370 1038 octavo,
400 965 503 1038 quibus
531 970 592 1022 erat
617 966 646 1021 in
667 963 792 1023 Domino
820 980 870 1023 cor
896 981 985 1023 unum
1007 971 1039 1023 et
1057 967 1158 1023 anima

122 1067 188 1109 una.
232 1049 305 1107 Cum
321 1046 337 1129 ¹)
359 1051 445 1109 vellet
473 1053 499 1109 ei
518 1058 628 1109 restem
653 1050 780 1129 aliquam
801 1050 883 1125 dare,
910 1058 944 1109 ut
969 1050 1020 1109 illa
1046 1051 1155 1110 diutius

122 1142 256 1210 uteretur,
278 1136 360 1194 dixit:
382 1136 538 1213 Egorobis
551 1137 626 1196 hauc
647 1145 759 1196 vestem
779 1137 1004 1197 accommodabo
1016 1134 1047 1216 ²).
1079 1136 1154 1197 NO-

121 1223 267 1282 VICIUS:
289 1223 363 1281 Puto
393 1223 470 1298 quod
497 1223 619 1281 multum
644 1223 768 1282 liberalis
795 1225 880 1282 fuerit
913 1226 988 1282 circs
1009 1223 1155 1300 hospites,

122 1312 170 1384 qui
192 1313 232 1368 sio
245 1310 377 1384 profusus
390 1313 495 1368 exstitit
516 1313 591 1369 circa
604 1328 752 1386 pauperes.
779 1309 1015 1370 MONACHUS:
1037 1310 1156 1386 Quanta

121 1396 184 1455 illos
206 1398 322 1454 caritate
343 1399 506 1470 susceperit,
528 1414 649 1471 sequens
670 1399 795 1455 narratio
813 1396 977 1455 declarabit
1011 1396 1088 1456 Cum
1110 1397 1157 1458 die

121 1482 246 1558 quadam
277 1485 353 1540 viros
392 1483 553 1558 religiosos,
584 1501 643 1542 non
673 1483 742 1540 mihi
774 1490 886 1542 constat
915 1491 1013 1542 utrum
1050 1484 1157 1543 fuerint

121 1567 333 1643 Oistcreienses,
353 1569 401 1628 rel
421 1569 725 1644 Prasmonstratenses,
744 1567 902 1649 hospitio⁸)
923 1572 1106 1646 suscepisset,
1127 1578 1157 1631 et

122 1657 176 1715 cibi
197 1656 341 1732 regulares
363 1656 512 1730 deessent,
543 1659 696 1731 piscesque
713 1673 772 1715 nou
792 1656 924 1731 haberet,
945 1656 1061 1716 dicebat
1083 1674 1155 1717 coco

121 1759 190 1801 suo:
212 1743 310 1802 Pisces
331 1760 388 1800 non
400 1742 550 1816 habemus,
570 1743 703 1802 monachi
723 1744 864 1818 simplices
887 1750 952 1802 sunt
972 1751 1002 1802 et
1016 1745 1156 1818 esurirmt,

121 1829 195 1888 vade
216 1826 287 1908 saci)
311 1832 435 1902 esicium,
457 1835 485 1887 et
506 1831 617 1888 ossibus
630 1832 735 1904 eiectis,
756 1848 821 1888 cum
841 1833 1043 1905 piperamentis
1064 1848 1153 1906 prae·

120 1933 205 1991 para,
233 1919 339 1990 sicque
360 1932 486 1991 appones
516 1922 544 1974 et
573 1915 664 1975 dices:
694 1916 840 1975 Comedite
869 1916 904 1975 de
933 1918 1009 1976 bono
1037 1918 1152 1977 rumbo

121 2002 205 2077 Quod
227 2020 292 2062 cum
312 2002 418 2060 sactum
438 2003 551 2076 luisset,
579 2003 634 2076 illi,
666 2004 740 2061 sieut
765 2005 818 2060 viri
845 2004 913 2062 boni
943 2010 971 2062 et
991 2004 1152 2080 simplices,

120 2090 188 2147 boni
210 2082 253 2146 sui
275 2087 394 2163 hospitis
416 2106 450 2146 ac
472 2089 606 2163 simplicis
634 2093 713 2164 pium
742 2089 838 2147 dolum
869 2107 926 2148 non
948 2091 1151 2164 observantes,

119 2175 188 2232 nihil
222 2178 322 2248 otiam,
359 2181 421 2231 tum
452 2182 568 2249 propter
598 2176 728 2252 regulare
759 2176 908 2250 silentium,
940 2184 1001 2235 tum
1032 2185 1151 2254 propter

25 2332 28 2338 ¹
119 2264 335 2334 conscientiam,
362 2263 581 2336 interrogantes,
610 2266 741 2337 apposita
768 2280 819 2341 pro
848 2266 927 2338 pisce
956 2263 1151 2323 comederunt.

119 2348 245 2408 Scutella
266 2364 339 2422 pene
362 2354 514 2421 evacuata,
537 2365 602 2406 eum
623 2367 696 2407 unus
718 2349 875 2408 auriculam
896 2353 1041 2425 porcinam
1063 2368 1150 2427 repe·

119 2438 210 2509 risset,
232 2441 261 2493 ct
281 2436 367 2507 socio,
388 2434 640 2509 videnteDeeano,
662 2436 838 2509 ostendisset,
856 2436 903 2496 ille
912 2434 932 2517 ⁵)
954 2437 1061 2511 aliquid
1072 2438 1149 2496 indi-

118 2524 258 2597 mistionis
286 2520 422 2578 simulans
443 2521 549 2578 intulit:
572 2521 719 2581 comedite
747 2539 798 2597 pro
820 2523 900 2597 Deo,
929 2523 1062 2582 monachi
1090 2542 1149 2584 non

90 2642 93 2647 ·
118 2609 223 2669 debent
250 2626 311 2667 csso
339 2616 398 2665 tam
428 2610 543 2683 curiosi3
572 2610 690 2667 rombus
720 2612 804 2668 etiam
830 2627 913 2668 sures
940 2610 1037 2668 habet.
1080 2610 1149 2669 Hu-

117 2699 193 2755 mani
206 2699 317 2771 gcncris
330 2697 459 2753 inimicus
472 2696 610 2769 diabolus,
627 2698 712 2754 tantis
729 2698 879 2754 virtutibus
893 2697 1032 2771 invidens,
1048 2696 1148 2757 illum·

118 2799 173 2857 que
195 2784 308 2841 turbare
329 2783 442 2855 volens,
463 2782 609 2840 visibiliter
629 2788 755 2857 tempore
778 2783 901 2858 quodam
923 2801 954 2842 se
975 2785 1036 2842 eius
1058 2785 1148 2844 obtu-

117 2870 193 2927 tibus
216 2870 327 2942 obiecit,
350 2877 378 2927 et
398 2870 527 2927 versibus
549 2869 592 2927 his
614 2885 680 2927 eum
702 2870 858 2944 alloquens,
879 2870 1029 2945 disparuit:

203 2972 288 3031 Moru
311 2973 507 3048 exemplificat,
530 2971 612 3047 quod
632 2967 780 3047 loupius⁶)
803 2975 887 3032 baud
908 2973 959 3032 ribi
976 2981 1072 3033 restat

282 3060 354 3132 Vtra,
375 3077 428 3116 neo
448 3058 600 3116 incolumis
623 3061 758 3134 amplius,
779 3061 911 3136 Ensfrid,
934 3065 997 3120 eiu.

119 3161 205 3222 Vides
243 3167 350 3236 quanta
385 3163 420 3219 sit
455 3164 561 3221 versuti
589 3161 693 3221 diaboli
719 3163 857 3222 stultitia?
900 3164 935 3222 In
964 3181 1022 3240 quo
1050 3167 1147 3226 virum

115 3255 245 3309 sarnetum
277 3249 397 3322 putabat
419 3266 449 3308 se
471 3249 621 3324 impedire,
649 3253 678 3307 in
699 3250 754 3309 hoe
775 3251 854 3308 illum
875 3253 1025 3326 promovit.
1069 3253 1147 3313 Num

116 3343 216 3414 posteo
245 3337 320 3393 cirea
346 3352 435 3394 annos
464 3337 576 3411 triginta
605 3339 688 3411 vixit,
716 3343 794 3396 tanto
817 3340 844 3395 in
867 3340 998 3414 operibus
1020 3340 1147 3402 iustitiae

115 3424 280 3494 ferventior,
310 3429 417 3496 quanto
447 3422 633 3497 prophetatus
663 3429 706 3482 est
727 3427 809 3482 morti
831 3425 889 3484 sore
912 3423 1066 3505 ricini0r²).
1111 3428 1147 3487 In

133 3592 163 3659 1)
181 3590 222 3642 bii
241 3604 382 3657 cumque.
401 3618 433 3627 —
453 3589 484 3657 2)
502 3589 542 3641 ΒΟ
565 3606 624 3656 ego
647 3590 738 3642 vobis
765 3592 963 3645 accommodo
987 3593 1068 3646 banc
1095 3612 1146 3649 ve-

183 3669 270 3712 stem.
289 3688 320 3696 —
345 3659 376 3724 3)
394 3658 519 3712 ΑΒΟὓΡΚ
537 3660 567 3709 in
586 3659 741 3726 bospitio.
762 3691 792 3700 —
817 3662 848 3729 4)
867 3663 952 3714 ΑΒΒΡ
969 3666 1092 3731 accipe.
1113 3696 1144 3705 -

176 3731 210 3796 5)
228 3728 288 3781 illo
305 3727 354 3782 edd
372 3728 421 3782 Bc.
441 3754 470 3767 -—
491 3729 522 3797 6)
541 3728 560 3781 (l
578 3727 712 3798 longior.
732 3760 759 3770 -
781 3732 813 3798 7)
831 3731 851 3784 C
869 3733 941 3785 sore
958 3737 1051 3786 morti
1070 3751 1146 3787 con-

164 3803 280 3856 linior.
