2438 4170
329 180 369 255 f
418 231 503 293 =na
524 229 786 295 runrnrronu.
1075 233 1136 291 211

53 394 59 433 ,
128 345 224 429 fincte,
243 371 331 430 quare
352 354 530 431 desperatis?
552 355 712 431 respondit:
733 356 801 415 Non
814 370 933 430 possum
943 353 1045 428 dicere,
1066 355 1140 412 sicut

122 442 256 516 wmnevi,
283 444 425 502 orationes
456 460 554 517 meas,
580 449 609 501 et
637 443 703 502 ideo
729 445 816 501 timeo
845 439 1015 518 gehennam
1065 439 1141 515 Quia

118 514 235 588 mitta
255 530 325 588 vitio
346 529 506 604 laborabat,
525 529 632 589 idcireo
655 528 814 588 accidiosus
836 534 904 602 erat,
926 534 1002 587 etex
1019 531 1140 601 utroque

111 612 183 671 flata
202 621 242 674 est
261 617 291 674 in
313 615 398 675 corde
421 617 480 675 eius
503 615 672 691 desperatio.
714 616 839 676 Positus
856 618 886 672 in
918 614 1093 673 infirmitorio
1107 609 1139 692 ¹),

108 699 233 764 tuorian
253 719 338 761 mane
367 701 406 762 ad
434 708 555 761 mortem
583 709 767 779 praeparatus
796 702 834 760 ad
861 704 1028 778 magistrum
1056 717 1140 758 suurn

104 787 204 862 venit,
229 787 339 848 dicens:
379 789 447 848 Non
473 806 592 866 possum
621 789 726 848 diutius
754 796 852 848 contra
878 788 974 847 Deum
1003 803 1140 864 pugnare.

101 858 159 926 Ill0
187 877 272 935 verba
293 878 354 936 eius
375 878 469 935 minus
491 876 702 957 considerante,
735 875 772 935 ad
800 878 939 951 piscinam
967 876 1139 934 monasterio

96 962 264 1022 proximem
285 964 416 1041 abiit-et
436 965 466 1021 in
488 980 553 1022 eam
574 980 606 1022 se
627 965 818 1039 praecipitans
839 963 995 1022 suffocatus
1017 968 1068 1022 est.
1119 982 1124 997 ¹

450 1151 682 1214 onrrrunuu
702 1153 799 1212 xnn.
831 1122 837 1137 '

177 1273 220 1333 De
240 1275 467 1348 sanctimoniali,
490 1293 567 1350 qaae
589 1274 763 1351 aquodam
783 1274 915 1349 malipao
937 1289 1075 1332 connato
1114 1272 1116 1348 j

294 1361 473 1435 dementata,
494 1365 670 1438 imputatam
690 1379 720 1420 sc
736 1363 953 1438 praecapitavit.

175 1498 207 1558 In
227 1499 433 1576 alio'quodam
453 1502 626 1559 monasterio
647 1499 902 1558 sanctimonialium
914 1493 935 1578 ²)
957 1515 1032 1557 anno
1053 1506 1141 1575 prae·
1193 1528 1195 1532 v

90 1569 192 1646 terito
213 1587 310 1646 similis
331 1603 406 1664 pene
427 1604 510 1647 casus
532 1589 668 1663 contigit,
690 1586 757 1645 lieet
778 1603 867 1645 causa
886 1585 1035 1660 impellens
1056 1584 1141 1643 dissi-

89 1665 184 1732 milis
209 1673 301 1733 fuerit
349 1673 452 1732 Puella
478 1673 634 1749 quaedam,
667 1675 741 1732 sieut
773 1672 843 1732 mihi
875 1672 971 1731 retulit
999 1670 1142 1747 quaedam

88 1750 329 1819 ⁸anetmoniatis
349 1759 480 1819 eiusdem
501 1760 614 1835 ordinis,
635 1777 654 1818 a
675 1758 802 1835 quodam
821 1759 936 1818 homine
951 1760 1063 1832 misero,
1084 1757 1140 1816 ha·

78 1821 172 1904 bitu
191 1836 306 1922 quidem
326 1846 467 1922 religioso,
488 1849 671 1920 nonanimo,
691 1849 733 1905 ita
753 1848 870 1923 magicis
892 1846 1000 1904 artibus
1022 1850 1066 1903 est
1088 1843 1141 1904 dc·

88 1926 243 2008 mentera
264 1938 297 1992 ut
318 1935 488 1992 tentationes
510 1933 547 1992 ab
568 1933 617 1992 illc
639 1939 793 2008 conceptas
815 1935 953 1992 sustinere
967 1937 1141 2006 nonposset.

89 1996 222 2079 Nemini
241 2026 338 2079 tamen
359 2034 441 2079 suam
462 2022 624 2096 passionem
645 2022 755 2096 aperire
776 2019 874 2094 voluit,
895 2019 947 2079 sed
961 2018 1140 2078 solummodo

92 2090 195 2165 dini:
214 2106 300 2166 Exire
321 2105 396 2181 volo,
418 2109 485 2182 quia
505 2110 632 2182 po'enitet
653 2124 699 2166 me
721 2106 919 2166 huc‘venisse.
952 2106 1033 2182 Quae
1049 2101 1140 2187 dum³)

93 2195 187 2252 exire
205 2210 264 2252 non
284 2195 500 2268 permitteretur,
521 2196 635 2253 tristitia
656 2200 783 2270 urgente,
803 2195 832 2251 in
845 2189 993 2272 puteani)
1016 2209 1047 2251 se
1061 2191 1140 2252 nullo

92 2278 224 2339 vrdente
245 2282 433 2356 praecipitans
455 2283 594 2340 exstincta
616 2286 668 2340 est.
712 2280 806 2356 Quam
821 2276 915 2359 dum⁵)
927 2281 1033 2354 ubique
1049 2296 1141 2354 quae·

92 2370 211 2442 terent,
232 2384 286 2426 nec
307 2368 482 2442 invenirent,
503 2366 669 2427 recordatae
691 2373 758 2425 sunt
779 2367 922 2442 quaedam
943 2383 1054 2425 sorores
1076 2383 1141 2425 earn

95 2446 228 2513 dffisse:
249 2453 313 2531 Ego
335 2454 482 2514 suffocabo
500 2471 547 2513 me
567 2457 597 2512 in
618 2461 715 2530 puteo.
759 2454 897 2530 Quaesita
919 2460 962 2512 est
982 2455 1022 2512 ibi
1044 2459 1073 2512 et
1094 2455 1140 2510 in-

95 2546 204 2617 venta,
224 2540 276 2600 sed
297 2545 418 2599 mortua.
460 2540 571 2599 Eodem
592 2548 720 2616 tempore
742 2535 890 2619 quidam⁶)
912 2541 998 2599 horno
1020 2543 1140 2599 misera-

95 2618 189 2702 bitis,
220 2626 336 2687 alterius
365 2627 514 2687 cuiusdam
535 2630 699 2687 monasterii
720 2627 963 2687 sanctimonialem
983 2627 1066 2685 simili
1087 2643 1140 2686 ex·
1191 2653 1196 2662 r

99 2716 194 2776 uexit
213 2711 358 2794 malitiall,
380 2720 409 2774 et
428 2715 650 2791 impraegnavit,
664 2731 746 2789 quae
767 2717 796 2773 tn
818 2715 933 2774 saeculo
954 2718 1067 2773 mortua
1088 2719 1140 2772 est

447 2902 679 2964 CAPITULUM
698 2903 810 2962 XLHI.

144 3026 193 3086 De
213 2990 379 3100 incautela,
402 3044 479 3103 qaae
501 3043 537 3086 ex
559 3029 677 3084 tristitia
698 3044 729 3084 aa
749 3027 907 3103 suspendit,
929 3024 967 3086 ab
990 3029 1105 3086 amasio

507 3130 563 3172 aaa
586 3119 740 3172 contemta.

114 3264 118 3269 ·
172 3232 250 3293 Ante
271 3233 324 3292 hos
345 3250 436 3293 annos
468 3233 618 3309 tredecim,
649 3239 809 3293 conventus
834 3240 931 3293 noster
958 3237 1076 3294 veniens
1105 3234 1140 3294 de

110 3322 257 3394 messione,
278 3337 344 3378 cum
364 3322 479 3397 navigio
501 3321 636 3379 Rhenum
658 3320 838 3396 ascenderet,
862 3328 890 3381 et
910 3324 939 3380 in
960 3321 1059 3380 villam
1081 3320 1140 3380 Oo-

110 3403 200 3466 loniae
222 3408 361 3481 vicinam,
394 3424 468 3482 quac
489 3407 664 3484 Rodinlrirge
691 3407 806 3481 dieitur,
834 3412 957 3483 veniret,
988 3407 1141 3468 iuvencula

111 3493 251 3568 quaedam
271 3495 300 3552 in
321 3495 385 3569 ipsa
404 3494 476 3554 hora
496 3497 586 3554 vitam
606 3495 732 3569 finierat,
760 3494 856 3554 adhuc
881 3498 977 3555 iacens
1006 3498 1036 3553 in
1056 3500 1140 3554 terra.

128 3661 159 3730 l)
175 3660 216 3714 BP
233 3661 462 3715 infirmatorio.
482 3693 513 3703 -
531 3663 564 3732 2)
582 3663 603 3718 G
620 3664 814 3731 monialium.
835 3693 865 3703 —
885 3665 917 3731 3)
935 3663 955 3715 G
972 3679 1046 3713 curn.
1059 3690 1090 3700 -
1106 3660 1139 3729 4)

176 3729 373 3854 amit?
391 3734 423 3803 5)
441 3733 461 3788 G
483 3749 559 3786 cum.
584 3763 615 3773 -
635 3734 667 3803 6)
685 3733 726 3786 Bc
748 3733 837 3785 idem.
858 3763 888 3772 -
908 3733 939 3801 7)
958 3732 999 3785 Bc
1016 3730 1138 3813 malitia
