2438 4170
295 222 352 282 rm
375 221 650 284 comnmonm.
728 295 730 301 ¹
934 224 994 286 roo

71 349 85 392 c
101 344 222 404 coelestis
243 363 355 422 semper
373 349 535 423 suspiraret.
573 345 640 405 Non
658 344 812 406 recedebat
828 344 997 406 deecclesia

71 420 134 485 cDei
142 435 278 508 genitricis
287 436 317 491 irr
324 433 522 508 Hildinsheim‚
533 434 709 493 orationibus
721 440 749 492 et
758 435 869 492 ieiuniis
879 451 996 494 vacans.

81 520 186 596 contigit,
206 527 239 578 ut
260 521 364 579 stultus
385 521 501 596 quidam
523 522 642 580 verbum
660 518 787 596 stultum,
810 521 997 596 coaudientc,

71 609 110 660 ret
127 605 231 665 dicens:
262 607 321 683 Qui
349 608 395 667 hio
424 608 523 667 oculos
550 625 609 666 nou
637 607 741 682 habet,
769 625 824 668 nco
850 611 881 667 in
902 609 997 669 sunno

71 685 101 770 s')
119 690 243 768 babebit,
272 696 376 769 quibus
397 694 501 754 Deum
516 695 622 755 videat.
664 694 712 754 De
734 713 791 771 quo
813 697 902 755 verbo
935 700 998 754 tur·

82 781 161 855 nimis,
183 781 250 839 dum
269 782 398 856 quotidie
420 788 556 858 gemeret,
576 799 629 841 nec
651 784 806 842 verborum
824 782 998 842 consolatio-

71 869 196 942 rccipcrct,
217 887 236 927 a
256 869 352 928 multis
376 870 515 944 culpatus,
536 870 697 944 respondit:
719 870 781 927 Nisi
792 870 862 927 mihi
877 888 912 929 ex
925 871 998 928 scri-

71 971 114 1012 um
134 959 299 1015 auctoritate
321 957 474 1031 probetur,
504 956 643 1015 consolari
675 974 746 1017 non¹
760 963 871 1031 potero.
914 956 999 1033 Quod

71 1041 96 1100 le
120 1043 235 1118 probari
266 1046 359 1118 potuit
386 1061 404 1101 a
430 1046 497 1103 uiris
525 1044 656 1117 literatis,
690 1061 812 1119 quorum
839 1046 868 1102 in
898 1043 1000 1103 eadem

71 1132 185 1204 scopia
205 1130 266 1188 fuit.
309 1129 512 1190 NOVIOIUS:
542 1129 693 1206 Quomodo
722 1136 819 1190 autern
840 1129 999 1207 probatur?

71 1215 198 1276 chUS:
221 1216 355 1277 Salvator
377 1215 444 1275 dicit
465 1218 574 1276 electis:
599 1218 730 1293 Capillus
752 1219 788 1276 de
798 1221 893 1292 cupite
902 1225 1000 1276 uestro

71 1303 155 1362 »nitu
168 1301 201 1376 ²).
244 1304 337 1379 Super
364 1321 451 1379 quem
479 1305 575 1363 locum
603 1305 671 1363 dicit
698 1303 892 1381 Augustinus:
921 1305 1000 1365 Perit

82 1392 132 1450 ubi
152 1408 210 1449 non
231 1393 304 1466 perit
326 1390 465 1467 capillus?
508 1390 566 1451 Ubi
587 1409 645 1451 non
666 1394 740 1467 perit
759 1391 906 1467 palpebra,
927 1394 1001 1467 perit

74 1475 88 1534 l
131 1477 220 1553 Quasi
242 1478 362 1552 diceret,
394 1496 460 1537 non.
504 1478 611 1539 Omnes
632 1481 737 1538 mortui
758 1479 931 1556 integraliter
951 1497 1000 1539 re-

71 1569 91 1622 t.
132 1564 206 1623 Mali
213 1561 243 1644 ³),
264 1571 297 1622 ut
316 1567 346 1623 in
366 1567 497 1624 omnibus
519 1569 577 1624 suis
589 1567 724 1625 membris
736 1568 902 1642 puniantur3
923 1567 1001 1641 boni,

84 1652 215 1710 omnibus
252 1659 474 1711 remunerentur.
522 1652 589 1712 Hoc
617 1669 716 1712 secure
746 1651 810 1712 dico
839 1659 868 1712 et
900 1653 1001 1728 credo,

71 1741 158 1797 omnis
179 1739 287 1812 horno,
309 1741 370 1798 sire
390 1742 482 1798 iustus
503 1741 554 1814 sit,
575 1742 636 1799 sive
657 1746 804 1815 peccator,
833 1741 908 1810 siin
930 1756 1017 1798 con-.
1091 1747 1098 1761 ‘

71 1841 80 1884 e
101 1829 186 1886 etiam
206 1827 324 1885 minima
346 1826 506 1900 decesserit,
526 1827 623 1886 Deum
644 1830 757 1886 visurus
778 1828 822 1885 sit.
854 1825 903 1885 Ad
915 1844 1002 1903 quam

71 1929 107 1971 nn
125 1930 179 1971 nos
200 1913 356 1988 perducere
378 1914 509 1990 dignetur
528 1914 670 1972 Dominus
691 1913 788 1972 noster
808 1912 896 1973 Jesus
918 1913 1002 1985 Olrri-

71 1999 193 2075 rplcndor
214 2000 337 2076 gloriae,
365 2003 413 2075 qui
435 2018 501 2060 curn
522 2001 609 2060 Patre
631 2007 661 2059 et
681 2001 787 2075 Spiritu
809 2007 909 2061 sancto
931 2004 1003 2062 vivit

71 2094 117 2146 nat
137 2087 228 2162 Dens,
249 2104 301 2163 per
320 2087 430 2147 infinita
450 2088 568 2148 saecula
584 2088 772 2147 saeculorum.
793 2087 898 2148 Arnen.

71 2273 146 2327 :ulus
164 2290 205 2327 orn
224 2273 252 2326 G.
272 2304 301 2314 -
322 2272 354 2344 2)
372 2273 431 2325 Luc.
450 2274 493 2338 21,
512 2274 553 2327 te.
574 2304 604 2314 -
623 2275 656 2343 3)
674 2274 693 2327 B
711 2273 786 2327 mali
808 2283 922 2327 sutum.
