2460 4162
153 233 193 291 ra
453 230 680 293 nrsrrrscnro
699 231 884 293 susurrus
950 188 954 195 ’

152 360 268 431 rogatus
290 353 328 413 ab
357 371 460 429 uxore,
491 361 523 412 ut
548 354 757 431 pusillanimem
789 356 973 429 confortaret,
1003 353 1189 432 desperatum

152 443 286 517 erigeret,
309 446 338 500 et
358 439 396 500 ad
419 459 453 501 ea
475 458 549 517 quae
569 448 637 500 sunt
657 442 771 515 salutis,
791 441 959 501 hortaretur.
1003 441 1100 518 Quem
1122 461 1190 503 cum

152 527 286 587 sacerdos
307 534 449 603 moneret,
482 534 514 586 ut
543 531 739 588 contritionem
766 529 886 588 haberet
906 528 942 588 de
964 532 1091 604 peccatis
1114 532 1189 605 suis,

147 622 182 675 ¹et
203 621 236 672 nt
256 632 358 689 puram
377 615 484 674 faceret
505 615 717 690 confessionem,
741 615 846 691 dicens,
866 618 1008 675 neminem
1030 615 1138 676 debere
1151 616 1190 676 do

83 711 87 729 ·
152 701 209 761 Dei
230 700 422 760 misericordia
450 702 615 777 desperare3
643 701 801 777 respondit:
846 702 921 778 Quid
948 710 1069 778 prosunt
1096 703 1190 765 verbs

151 787 227 848 ista?
260 788 325 847 Non
346 806 463 863 possum
486 791 600 862 conteri,
622 789 796 864 superfluum
816 789 911 848 iudico
933 788 1068 848 confiteri.
1102 789 1190 866 Quod

42 890 47 897 ·
154 874 190 934 dc
210 891 257 934 mc
279 875 447 950 dispositum
468 881 519 949 est,
540 892 657 935 necesse
679 882 723 934 est
743 875 860 951 impleri.
892 875 982 935 Sedes
1003 893 1069 935 mea
1085 868 1207 952 parata'

124 1033 126 1037 Ι
153 967 205 1036 est,
226 969 293 1036 post
312 965 426 1021 tertium
448 962 523 1020 diem
543 962 610 1020 illuc
631 966 753 1036 veniam,
776 970 804 1021 ct
825 962 982 1022 secundum
1003 961 1081 1037 quod
1102 957 1190 1040 geni,
1222 1016 1226 1029 ,

152 1051 182 1107 in
205 1064 239 1107 ea
260 1051 402 1124 recipiam.
446 1049 549 1124 Sicque
561 1046 577 1127 ¹)
606 1052 666 1108 sine
695 1053 876 1123 contritione,
906 1052 966 1108 sine
994 1046 1212 1126 confessionc,'

153 1137 214 1195 sine
235 1137 340 1194 viatico
369 1142 398 1196 et
419 1152 500 1195 sacra
520 1139 653 1195 unctione
675 1139 756 1195 tertio
780 1138 824 1195 die
847 1135 1004 1210 detirnctus,
1026 1138 1057 1194 in
1076 1137 1188 1197 interm

154 1221 282 1297 sepultus
310 1228 362 1281 cst.
404 1222 545 1282 Sacerdos
574 1240 642 1282 vero
671 1240 737 1282 cum
765 1223 987 1282 ecclesiasticam
1015 1225 1041 1283 ci
1067 1232 1189 1300 negaret
1224 1254 1226 1265 =

154 1309 342 1384 sepulturam,
371 1309 408 1367 ab
438 1326 526 1367 uxore
559 1312 619 1368 eius
641 1317 803 1384 cormptus,
835 1312 865 1367 in
887 1312 1021 1368 cimiterio
1042 1306 1196 1390 positusrl-
1224 1366 1226 1373 .

155 1403 206 1456 est.
248 1396 370 1472 Propter
391 1394 469 1470 quod
489 1403 591 1470 postca
618 1399 647 1455 in
675 1396 792 1472 Synodo
814 1397 988 1456 Traiectensi
1015 1403 1188 1473 accusatus,

154 1499 249 1559 poena
268 1485 365 1543 nescio
388 1500 446 1558 qua
466 1482 618 1542 mulctatus
641 1490 692 1542 est.
735 1483 793 1541 Vix
815 1490 880 1540 sunt
901 1490 958 1542 tres
986 1486 1054 1542 anni
1081 1483 1189 1560 elapsi,

105 1616 107 1621 .
155 1586 191 1629 ex
213 1586 270 1644 quo
291 1572 347 1628 ista
369 1573 554 1645 contigerunt
595 1570 671 1629 Ecce
692 1572 745 1628 iste
767 1573 840 1628 sicut
862 1573 990 1645 superior
1011 1569 1127 1646 cecidit,
1159 1576 1189 1633 ct

154 1658 270 1716 minime
297 1659 426 1716 surrexit.
467 1654 670 1716 NOVIOIUS:
702 1657 823 1716 Videtur
851 1657 920 1714 mihi
947 1656 1055 1731 aliquid
1078 1657 1189 1725 habore

155 1744 376 1820 significationis,
398 1744 475 1819 quod
495 1746 525 1802 in
545 1761 636 1803 vacca
656 1746 782 1818 inquieta
802 1760 925 1818 poenam
946 1761 1028 1802 suam
1041 1743 1125 1803 miles
1140 1761 1189 1804 rc-

157 1833 245 1906 cepit,
274 1833 419 1890 usurarius
440 1833 549 1890 veroin
564 1832 631 1890 sede
655 1849 730 1906 quae
752 1834 864 1907 signum
886 1836 929 1889 cst
951 1833 1053 1905 quictis
1075 1837 1105 1889 et
1126 1836 1188 1891 sta·

127 1918 282 1977 'bilitatis
324 1917 558 1977 MONACHUS:
591 1917 672 1977 Deus
700 1918 856 1976 secundnm
885 1917 1050 1992 qualitatem
1072 1923 1102 1976 et
1123 1933 1190 1977 mo-

157 2002 226 2063 dum
246 2007 356 2079 pcccati
377 2006 471 2079 ipsum
491 2007 573 2079 punit
592 2011 751 2079 peccatum.
799 2004 884 2062 Miles
904 2007 958 2063 iste
980 2005 1047 2078 quia
1067 2020 1191 2067 vaccam

157 2092 265 2166 rapuit,
297 2093 326 2148 in
354 2108 445 2149 vacca
464 2097 616 2168 peccatum
637 2091 697 2149 luit.
739 2091 821 2149 Haec
843 2091 879 2150 de
901 2090 1045 2165 qualitate.
1087 2090 1191 2153 Vacca

156 2183 272 2254 propter
292 2194 401 2252 pascua
421 2195 472 2252 per
494 2179 605 2236 diversa
626 2185 708 2252 prata
730 2177 867 2251 discurrit,
891 2184 920 2236 et
940 2177 1056 2236 assidua
1075 2178 1191 2253 praeei-

156 2266 236 2325 sionc
256 2266 443 2323 recrescentia
463 2266 591 2340 gramina
613 2264 749 2339 depascit.
791 2265 897 2338 Vacca,
917 2266 980 2339 ipsa
1001 2281 1056 2323 sua
1075 2265 1192 2340 inquio-

156 2352 255 2411 tudine
277 2358 306 2410 et
327 2351 501 2426 depastione,
522 2350 631 2410 nobiles
653 2358 682 2409 et
703 2351 859 2410 advocatos
881 2352 1015 2425 temporis
1036 2353 1128 2409 nostri
1139 2351 1192 2412 ds·

156 2440 259 2515 signat,
281 2440 329 2513 qui
351 2437 450 2497 domos
473 2446 501 2497 et
522 2454 606 2514 agros
627 2439 804 2496 subditorum
825 2438 996 2513 hospitando
1018 2436 1193 2514 depascunt,

157 2531 187 2586 ct
207 2542 259 2601 pcr
280 2524 410 2584 assiduas
433 2528 602 2598 exactiones,
624 2543 695 2600 quas
716 2528 746 2583 in
766 2525 837 2584 illos·
850 2526 965 2598 faciunt,
986 2525 1193 2585 insubstantia

157 2629 315 2673 recrescere
336 2629 394 2671 non
415 2614 518 2670 sinunt.
560 2611 612 2670 Isti
633 2612 824 2687 praedonibus
846 2615 874 2670 in
898 2613 998 2687 poenis
1020 2610 1192 2672 similabun-

158 2707 212 2774 tur,
234 2706 263 2758 ct
283 2702 357 2759 sicut
377 2690 463 2758 modo
485 2699 556 2758 alios
578 2701 694 2774 agitant,
716 2703 755 2759 ita
776 2702 830 2774 ipsi
851 2717 917 2758 cum
937 2697 1083 2773 praedicto
1102 2698 1193 2759 milite

159 2787 386 2864 exagitabuntur.
417 2787 500 2845 Haec
517 2786 552 2844 do
568 2785 653 2845 modo
671 2787 747 2846 dicta
762 2789 825 2844 sint.
858 2785 1011 2845 Usurarius
1022 2801 1100 2860 vero,
1124 2788 1194 2862 quia

158 2872 237 2933 domi
259 2876 353 2949 quiete
381 2873 507 2932 residens
534 2875 686 2948 pecuniam
712 2892 794 2933 suam
824 2873 861 2933 ad
893 2889 1009 2930 usuram
1037 2870 1132 2947 dedit,
1164 2864 1203 2931 in¹

158 2961 266 3020 inscmo
297 2960 394 3019 sedem
426 2963 540 3037 igneam
567 2963 681 3035 recepit.
734 2962 814 3019 Bene
847 2967 943 3019 autom
973 2956 1074 3016 eadem
1108 2959 1194 3019 sedes

158 3049 243 3125 ignca
263 3047 323 3122 suit,
346 3049 414 3122 quia
435 3050 509 3106 sicut
529 3050 603 3123 ignis
625 3046 766 3122 stipulam,
788 3049 829 3105 ita
849 3065 936 3106 usura
957 3063 1117 3122 pauperum
1140 3046 1194 3107 de-

158 3131 273 3215 rorut⁸)
295 3135 492 3194 substantiam.

447 3369 905 3425 -ἠωημ-

79 3770 81 3775 ¹
180 3741 382 3812 lJBsioque
400 3742 515 3807 miser,
542 3740 694 3810 Gaioque
720 3742 816 3792 miser
843 3737 907 3791 ille.
928 3769 957 3778 -
978 3739 1009 3807 2)
1027 3737 1066 3791 BP
1085 3737 1198 3806 sepul·

231 3821 289 3864 trs.
311 3840 339 3852 —
360 3810 430 3881 3)1)
449 3813 621 3874 consumit3
639 3827 696 3862 mox
714 3808 952 3863 Cfacnltatcm.
