2438 4170
121 243 183 304 soc
433 235 832 322 osmonoeunun

121 368 196 426 cirea
217 381 249 424 se
271 372 486 442 congregantes,
508 383 618 426 errores
639 383 707 426 suos
728 367 782 426 illis
803 366 1055 444 praedicaverunt
1079 367 1174 445 Qu

121 455 177 513 bus
199 470 264 511 cunr
293 453 409 528 quidam
439 470 473 512 ex
503 454 611 512 clericis
641 454 782 514 dicerent:
820 455 884 514 Vos
912 455 1032 530 domini,
1057 472 1176 527 notu]

122 539 279 616 Apostolus
312 539 392 598 dicit:
432 541 587 617 Quomodo
614 541 840 616 praedicabunt,
862 545 920 600 uisi
939 545 1092 601 mittantur
1119 549 1176 619 ¹),

122 627 254 685 volumus
275 629 347 685 scire
369 629 432 701 quis
453 644 506 686 vos
527 622 633 686 miserit
659 628 716 686 huc
737 628 918 704 praedicare3
949 628 1176 704 responderem

89 738 92 743 ·
121 713 175 771 illi:
203 713 332 789 Spiritus.
374 713 438 771 Non
469 717 544 773 enim
571 722 683 789 poterat
709 714 763 781 illis
785 715 946 790 Episcopus
974 719 1031 775 rim
1050 715 1176 782 interm

122 808 238 876 propter
265 797 404 874 quosdam
424 808 555 876 potentes
577 803 714 876 civitatis,
747 803 796 876 qui
827 819 877 860 eos
905 804 935 859 in
964 801 1057 861 odium
1076 802 1170 880 Epi-

123 890 203 963 scopi
223 888 367 960 fovehant,
390 904 423 945 co
446 887 523 962 quod
545 888 688 962 quendam
709 891 869 946 usurarium
892 887 1052 947 dehrnetum
1069 891 1165 964 ipso-

123 991 187 1031 rum
208 980 362 1049 cognatum
384 973 419 1032 dc
442 977 512 1033 atrio
535 975 671 1033 ecclesiae
693 977 829 1034 eiecisset.
863 975 978 1034 Revera
992 977 1067 1034 missi
1083 975 1160 1036 fue·

123 1067 187 1119 rant
207 1078 225 1119 a
246 1062 345 1136 spiritu
366 1064 480 1135 erroris,
506 1072 557 1136 per
579 1077 700 1135 quorum
722 1079 772 1120 ora
792 1062 927 1120 haereses
948 1054 1155 1136 Valdosianas,

123 1148 161 1206 ah
183 1165 349 1206 unosorum
370 1149 411 1205 sic
433 1147 533 1222 dictae,
554 1151 583 1205 in
606 1148 706 1206 cadem
719 1151 832 1206 civitate
854 1155 921 1206 sunt
942 1151 1099 1223 seminatae,
1127 1156 1153 1207 ct

123 1234 245 1293 necdum
266 1251 380 1309 prorsus
403 1237 558 1293 exstinctae
571 1231 601 1313 ²).
643 1234 846 1294 NOVIGIUS:
867 1234 935 1294 Heu
948 1235 1023 1310 quod
1042 1234 1148 1293 totho-

124 1321 168 1379 die
196 1321 423 1395 haereses-sunt
450 1323 479 1379 in
508 1321 636 1381 ecclesia.
678 1320 913 1381 MONACHUS:
942 1322 1007 1382 Hoc
1025 1321 1146 1380 inroret

122 1407 230 1466 malitia
250 1407 355 1466 diaboh
376 1408 476 1467 effecit.

468 1563 699 1624 cnrrrunuu
718 1564 820 1637 uxr.¹

443 1686 492 1744 Dc
513 1686 625 1766 haeresi
645 1684 834 1744 Alhiensium.

186 1809 375 1884 Temporibus
402 1808 561 1866 Innocentii
588 1806 686 1883 Papae
718 1807 944 1882 praedecessoris
976 1807 1067 1881 huius,
1096 1800 1133 1876 qul

121 1914 196 1954 nunc
217 1895 360 1971 Papatum
381 1901 467 1968 tenet,
487 1893 615 1967 Honorii,
637 1893 756 1952 durante
777 1894 871 1952 adhuc
893 1893 1051 1968 schismate,
1070 1882 1130 1967 quod

122 1990 183 2042 erat
202 1985 275 2040 inter
295 1982 459 2057 Philippum
486 1988 514 2040 et
537 1980 672 2039 Ottouem
692 1980 788 2056 Reges
808 1981 1020 2054 Romanorum,
1045 1970 1129 2037 diaboli

119 2070 226 2128 invidia
246 2069 379 2127 haereses
400 2068 578 2126 Alhiensium
594 2074 747 2141 coeperunt
767 2066 916 2142 pullulare,
937 2067 985 2125 vel
1005 2073 1037 2124 ut
1054 2063 1129 2124 veriet

122 2156 223 2228 dicam,
244 2162 443 2214 maturescere.
487 2154 573 2212 Cuius
596 2156 669 2211 vires
692 2161 771 2211 erant
791 2159 851 2211 tam'
873 2154 995 2227 validae,
1017 2159 1047 2210 ut
1065 2160 1127 2210 oure

120 2245 241 2301 triticum
270 2242 336 2300 fidei
365 2245 456 2317 gentis
477 2241 552 2298 illius
573 2258 688 2298 versum
709 2241 853 2298 rideretur
874 2243 902 2297 in
924 2241 1022 2298 lolium
1042 2235 1128 2297 erroris.

119 2328 201 2387 Missi
221 2336 287 2386 sunt
306 2328 437 2386 Abbates
458 2329 562 2385 ordinis
583 2329 670 2384 nostri
698 2344 764 2384 cum
797 2327 969 2401 quibusdam
990 2323 1129 2401 Episcopis,

121 2419 168 2490 qui
190 2418 298 2474 zizania
324 2423 414 2473 rastro
443 2415 598 2472 catholicae
627 2413 845 2488 praedicationis
868 2414 1050 2471 eradicarent.
1089 2404 1131 2469 sul

120 2504 274 2561 obsistente
296 2502 409 2560 homine
430 2503 556 2573 inimico,
585 2503 633 2574 qui
653 2500 701 2557 illa
723 2502 927 2573 seminaverat,
948 2499 1088 2557 modicum
1103 2494 1132 2553 ibi

118 2591 305 2665 proiecerunt.
347 2587 549 2647 NOVICIUS:
580 2587 649 2661 Quis
670 2587 722 2643 suit
744 2604 820 2644 error
840 2585 976 2643 illorum?
1019 2581 1133 2644 Moun-

121 2676 237 2736 CHUS:
267 2671 446 2753 Quaedam)
475 2673 689 2732 haeresiarchae
719 2690 822 2731 corum·
846 2672 1020 2748 collegerant
1046 2670 1135 2747 punita

119 2781 155 2823 ex
177 2765 308 2823 docmate
320 2761 490 2835 Manichaei,
510 2759 650 2835 quaedam
674 2777 707 2817 ex
730 2761 876 2833 erroribus,
899 2776 974 2833 quae
996 2761 1024 2816 in
1038 2758 1136 2817 Perier-

120 2851 193 2909 chon
215 2852 360 2925 scripsisse
381 2849 469 2907 lertur
491 2846 642 2923 Origenes,
671 2847 792 2921 plurima
814 2848 911 2918 ctiam,
946 2863 1020 2920 quae
1042 2845 1076 2905 de
1096 2858 1136 2902 suo

120 2938 204 2997 corde
225 2937 365 2994 finxerant
386 2936 558 2993 adiicientes.
580 2933 646 2990 Duo
661 2932 778 2990 credunt
800 2950 865 2990 curn
878 2932 1050 2991 Manichaco
1072 2934 1138 3007 prin-

118 3026 207 3099 cipia,
228 3025 313 3081 deum
334 3025 442 3081 honum
464 3029 492 3080 ct
508 3021 593 3079 deum
614 3020 735 3093 malurn,
756 3020 784 3076 id
807 3026 864 3092 est,
888 3019 1043 3093 diabolum,
1066 3035 1139 3093 quem

119 3112 215 3169 dicunt
227 3113 321 3168 omnia
336 3127 429 3167 creare
446 3125 572 3183 corpora,
596 3110 668 3164 sicut
682 3107 767 3165 deum
791 3108 897 3164 honum
913 3124 1012 3164 omnes
1034 3109 1141 3163 animas.

119 3197 320 3257 NOVICIUS:
349 3196 467 3272 Moyses
496 3203 525 3254 et
552 3211 670 3268 corpora
698 3201 725 3251 et
752 3195 860 3250 animas
884 3193 1034 3250 confirmat
1056 3192 1141 3250 Deum

119 3303 244 3357 creasse,
267 3283 377 3341 dicens:
399 3283 555 3340 Foruroolt
576 3281 658 3338 Deus
680 3281 833 3351 honriuom,
856 3280 884 3336 id
907 3286 959 3352 est,
983 3296 1093 3353 corpus,
1113 3277 1141 3335 clo

118 3371 186 3428 limo
211 3379 313 3440 terroe,
337 3378 364 3426 et
385 3372 538 3443 inspirarit
561 3367 718 3442 isoscelem
742 3370 802 3424 ciere
823 3367 1006 3440 miraculum
1028 3359 1141 3434 asrael,

116 3456 145 3513 id
168 3464 218 3531 cst,
240 3459 371 3514 animam.
399 3453 634 3513 MONACHUS:
658 3453 689 3512 Si
700 3453 821 3528 Moysen
844 3458 872 3510 et
893 3452 1054 3526 Prophetas
1077 3452 1141 3509 reci·

117 3551 223 3617 parcnt,
245 3544 378 3600 haeretici
400 3559 456 3598 non
469 3548 570 3599 esseut.
594 3540 750 3615 Corporum
772 3542 1006 3597 resurrectionem
1029 3543 1142 3614 negant,

134 3679 163 3746 l]
182 3679 304 3739 herald,
324 3676 450 3742 15.-2)
470 3675 509 3726 BC
528 3675 675 3724 haeresis
695 3672 1141 3724 Valdosinna-dicta—est

89 3766 94 3772 ·
184 3751 342 3800 seminata
361 3777 392 3784 -
424 3746 597 3795 exstincta.
618 3774 649 3782 -
675 3744 706 3811 3)
732 3744 772 3797 BC
791 3742 934 3810 quidem,
958 3742 999 3792 hic
1024 3751 1050 3793 et
1073 3740 1141 3808 paulo

176 3828 244 3887 post.
268 3849 296 3858 —
318 3819 349 3889 l]
368 3818 457 3871 Grues.
476 3816 502 3880 2,
519 3818 544 3865 7.
