2438 4170
92 219 152 277 104
392 214 620 276 DISTINCTIO
639 214 823 277 SECUNDA

89 339 194 398 ordinis
208 335 234 417 ¹),
255 339 370 397 natione
384 337 470 412 Saxo,
492 355 553 397 rem
574 342 711 399 memoria
733 339 926 415 dignissimam
946 336 981 399 do
993 336 1089 414 quodm

90 428 227 485 usurario.
269 424 330 483 Nec
353 431 465 484 constat
485 425 570 499 mihi,
599 428 625 484 si
652 429 757 502 scripta
784 429 829 484 sit
871 424 954 485 Dixit
977 425 1089 502 qusudsu

90 514 175 572 luisse
197 515 358 570 usurarium
380 512 498 570 divitem
525 514 624 587 nimis,
653 515 701 588 qui
730 513 906 572 diversarum
938 510 1089 573 saumuro

89 600 239 659 thesauros
260 599 324 658 loco
346 601 470 676 pignoris
491 600 617 659 tenebat.
661 600 748 659 Cuius
771 596 853 679 cor²)
877 617 943 659 eum
974 590 1041 660 esset
1058 601 1090 657 ir·

91 687 238 762 explebilis
259 688 404 760 avaritiae,
424 703 576 762 percussus
598 693 642 745 est
654 689 825 761 peremtoria
839 686 1007 747 infirmitate.
1033 685 1091 745 lue

90 777 213 849 primum
233 777 262 831 in
285 790 315 831 sc
336 791 483 847 reversus,
503 773 570 832 lieet
590 791 670 847 sero,
697 774 876 833 considerare
897 777 991 849 eoepit
1007 771 1091 849 pondu

91 879 201 934 usurae,
222 867 364 919 tormenta
384 861 542 936 gehennae,
564 860 757 920 difficultatem
778 862 978 936 poenitentiae.
1016 860 1091 919 Eteo-

91 966 159 1008 cans
181 947 218 1006 ad
241 965 272 1005 sc
294 947 437 1022 quendam
458 949 530 1023 nigri
552 947 657 1006 ordinis
678 948 825 1007 Abbatem
857 948 912 1007 sibi
941 948 1092 1019 familirreu,

91 1034 159 1093 dixit
181 1037 221 1092 ei:
250 1034 390 1109 Domine,
411 1037 535 1110 graviter
554 1034 688 1110 infirmor,
709 1053 766 1094 non
775 1032 796 1114 ³)
818 1053 938 1111 possum
958 1030 1092 1111 aliquiddr

89 1123 174 1182 rebus
196 1124 266 1179 meis
288 1121 427 1196 ordinare,
447 1139 542 1197 neque
563 1140 665 1180 usuras
686 1130 820 1198 acceptas
841 1125 1002 1197 restituere3
1021 1123 1092 1181 siro·

90 1209 196 1268 luoritis
231 1208 266 1266 de
299 1211 393 1267 anima
421 1227 487 1267 mea
514 1208 579 1269 Deo
609 1209 726 1268 reddere
753 1212 908 1283 rationem,
940 1215 1093 1284 peccatorum

89 1313 219 1355 meorum
240 1295 309 1353 mihi
330 1297 493 1371 promittere
515 1295 733 1371 absolutionem,
755 1299 851 1355 onmia
871 1297 949 1355 bona
968 1313 1037 1371 mea,
1051 1299 1093 1351 tm

91 1381 208 1441 mobilia
230 1400 316 1458 quam
337 1383 509 1456 immobilia,
537 1386 672 1457 potestati
700 1390 813 1442 vestrae
834 1384 1001 1457 subiiciam,
1025 1382 1093 1439 itaut

92 1470 127 1528 de
154 1469 208 1527 illis
236 1469 314 1544 quod
342 1470 424 1528 vobis
454 1473 547 1529 visum
574 1465 690 1548 ruenti)
712 1471 831 1530 faciatis.
875 1469 999 1530 Cernens
1017 1466 1093 1529 Abit!

90 1557 233 1616 hominem
255 1559 415 1631 contritum,
437 1563 466 1615 ot
487 1575 555 1616 vere
576 1560 776 1632 poenitentem,
797 1557 956 1632 respoudit:
984 1556 1042 1632 Ego
1056 1551 1093 1613 le

89 1643 225 1702 liberabo.
268 1643 476 1718 Festinansque
497 1644 534 1701 ad
553 1645 740 1720 Episcopum,
761 1645 852 1703 verba
873 1644 1034 1703 usurariiei
1056 1654 1093 1699 ex·

90 1734 197 1806 posuit,
225 1736 253 1790 et
283 1731 351 1805 quid
380 1730 540 1790 consuleret
565 1734 720 1805 inquisivit
762 1731 923 1807 Respondit
948 1730 1092 1806 apocopa:

88 1820 202 1877 Bonum
223 1818 293 1876 milri
313 1818 440 1892 videtur,
462 1825 494 1876 ut
514 1835 567 1893 pro
589 1821 684 1877 anima
706 1821 766 1901 eius
788 1818 946 1892 spondeas,
967 1813 1026 1896 nv)
1041 1812 1093 1875 sub‘

87 1908 222 1964 stantiam
243 1907 389 1980 suscipias,
421 1907 462 1963 ita
484 1905 648 1979 dumtaxat,
681 1913 714 1964 ut
732 1904 880 1965 Ecclesiae
901 1922 983 1965 meae
1001 1903 1092 1961 monn

89 1989 180 2071 rum⁶)
202 1992 271 2049 milri
294 1995 434 2051 restituas.
477 1991 548 2051 Mox
569 1991 673 2051 Abbas
699 1992 738 2050 ad
766 2008 887 2068 aegrum
913 1991 1033 2065 rediens,
1053 1986 1094 2045 at
1124 2020 1127 2025 ·

89 2080 152 2155 ligo
176 2078 343 2153 deliberavi,
377 2086 409 2136 ut
429 2080 506 2138 bona
527 2085 578 2137 tua
599 2082 766 2155 suscipiam,
794 2085 824 2137 et
844 2096 897 2154 pro
918 2079 1037 2154 peccatis
1052 2072 1094 2131 is!

92 2166 153 2226 lieo
164 2162 183 2245 1)
205 2165 371 2240 spondeam.
415 2166 575 2240 Respondit
595 2166 740 2224 infirmus:
762 2166 846 2225 Nune
868 2166 1095 2225 consiliumnenm

89 2260 141 2327 est,
163 2259 195 2311 ut
217 2252 309 2310 allatis
331 2253 467 2325 curribus,
490 2255 585 2311 omnia
605 2272 670 2313 mea
691 2255 768 2329 prius
792 2253 901 2327 efferas,
923 2259 952 2312 et
963 2269 1008 2311 me
1018 2248 1095 2309 nouis·

89 2342 159 2398 simo
196 2339 311 2413 tollens,
350 2339 459 2397 nullum
495 2343 610 2414 patieris
645 2341 879 2417 impedimentum
912 2342 942 2398 iu
973 2330 1096 2399 eumilo

88 2425 226 2485 Habebat
259 2428 333 2484 enim
363 2426 440 2499 duas¹
463 2444 545 2485 arcas
574 2427 675 2502 plenas
704 2430 766 2486 auri
797 2433 826 2486 et
852 2429 976 2503 argenti,
1001 2426 1097 2500 pignoril

90 2517 175 2572 etiam
196 2513 319 2588 plurima
339 2516 368 2571 in
389 2515 477 2587 vasis,
498 2514 591 2586 libris,
613 2517 755 2589 variisque
777 2502 965 2589 ornamentis3
993 2513 1097 2571 inrum·

89 2609 165 2676 turn,
198 2604 296 2659 vinum
324 2609 353 2659 et
362 2598 384 2680 8)
418 2600 624 2674 supellectilem
652 2602 784 2675 multam,
817 2617 979 2675 pecoraque
1003 2594 1098 2655 infinito»

89 2688 283 2748 'luncrlbbas
305 2691 382 2763 prius
406 2689 536 2746 omnibus
558 2691 730 2762 praemissis,
750 2689 904 2747 novissime
926 2691 955 2746 in
969 2677 1099 2764 geraudo

91 2794 199 2849 ponens
221 2777 377 2849 infirmum,
410 2777 575 2850 properavit
603 2775 640 2833 ad
669 2777 881 2834 monasterium.
925 2774 982 2835 Sed
1000 2786 1057 2831 mor
1072 2763 1100 2819 1¹¹

90 2862 135 2921 illc
167 2865 370 2921 monasterium
398 2864 528 2935 intravit,
558 2865 688 2936 spiritum
721 2862 873 2921 exhalavit.
916 2861 1014 2921 Abbas
1032 2864 1101 2916 vertis

90 2967 147 3007 non
168 2952 316 3007 inimemor
337 2952 511 3024 sponsionis,
540 2951 568 3006 in
592 2957 730 3023 quantum
752 2951 844 3024 potuit
866 2967 967 3007 usuras
987 2938 1102 3005 terruit,

89 3036 225 3111 plurimas
247 3053 298 3109 pro
319 3036 393 3093 illius
416 3039 510 3093 anima
532 3036 655 3111 largiens
678 3036 881 3112 eleemosynas.
925 3021 1104 3095 Resroumin

91 3140 157 3181 risus
178 3122 297 3179 fratrum
319 3125 465 3179 convertit.
508 3123 638 3181 Positum
661 3130 704 3181 est
725 3141 828 3198 corpus
849 3124 879 3179 in
899 3124 1026 3195 oratorio,
1045 3112 1108 3173 cho‘

90 3212 126 3266 ris
149 3209 332 3283 psallentium
355 3212 430 3266 circa
451 3209 522 3266 illud
545 3209 689 3268 ordinatis.
732 3210 766 3268 ln
788 3212 850 3285 ipsa
867 3216 961 3283 nocte,
983 3225 1043 3267 cum
1056 3198 1136 3288 fri·¹

89 3304 145 3354 tres
179 3298 313 3354 attentius
343 3295 510 3370 psallerent,
546 3303 668 3371 quatuor
696 3299 760 3354 tetri
792 3298 907 3371 spiritus
937 3291 1117 3376 apparente&

90 3385 221 3442 l'crctrum
243 3401 260 3441 a
283 3390 364 3457 parte
386 3385 499 3441 sinistra
521 3384 750 3442 circumstabant.
794 3383 906 3458 Quibus
927 3385 1008 3456 visis,
1033 3362 1120 3439 terni]

110 3519 137 3585 l)
157 3517 176 3569 G
194 3516 323 3586 quidam
342 3506 516 3568 monachus
534 3519 622 3584 nigri
642 3517 768 3568 ordinis
787 3524 818 3568 et
836 3516 999 3581 sacerdos,
1015 3514 1034 3568 B
1051 3493 1125 3578 ‘1¹¹³'

157 3588 226 3639 dam
254 3586 425 3639 monachus
452 3596 483 3637 et
510 3587 669 3638 sacerdos
696 3588 782 3655 nigri
809 3587 943 3638 ordinis.
963 3616 992 3624 -
1019 3585 1049 3651 2)
1068 3568 1127 3643 ⁰⁰‚‘

157 3657 205 3708 add
224 3658 278 3719 BG3
306 3656 380 3722 paulo
399 3666 456 3723 post
475 3656 492 3707 P
510 3658 660 3708 avaritia.
681 3686 711 3695 -
740 3656 772 3724 3)
790 3656 831 3708 BG
854 3673 920 3708 uec.
940 3685 971 3694 -
989 3653 1057 3723 rJB
1079 3648 1131 3689 '¹'

158 3745 221 3779 sum
250 3728 353 3778 luerit
379 3726 490 3789 vobis,
518 3727 656 3779 Pulsum
674 3726 770 3778 vobis
797 3726 906 3778 fuerit.
926 3755 957 3767 -·
976 3722 1064 3793 5)cl'
1085 3703 1132 3756 θ’·

158 3829 187 3837 -
208 3798 239 3865 9)
257 3796 299 3849 Bc
317 3795 500 3847 thesauros.
520 3825 550 3836 -
571 3798 603 3865 7)
621 3796 641 3849 C
659 3811 717 3865 ego
736 3795 856 3848 oea-
876 3796 908 3864 8)
926 3804 958 3848 ot
974 3810 1015 3847 om
1031 3785 1091 3847 ΒΡ·
