2438 4170
163 263 208 324 tv

165 368 211 440 A.
247 365 444 438 Kaufmauui
478 366 668 462 specimini‚
709 363 796 457 quod
830 363 951 460 prodiit
984 363 1048 436 hoc
1082 364 1196 436 titulo:

166 470 343 544 Caesarius
368 492 437 551 von
461 468 689 542 Heisterbach.
742 468 807 539 Ein
823 467 959 560 Beitrag
984 491 1043 540 nur
1057 467 1198 539 llultur-

166 575 356 668 geschichte
374 573 433 646 des
451 573 611 646 nwdllten
627 572 694 643 und
716 571 928 643 dreizehnten
944 571 1195 644 Jahrhunderts.

167 678 263 770 Colit,
302 678 334 749 J.
362 677 408 749 Μ.
435 676 581 748 Heberle
617 673 682 772 [H.
710 674 918 772 Lempertz).
975 676 1086 748 1850.
1143 676 1198 748 Ad

165 782 246 856 illud
279 785 379 876 igitur
412 782 592 872 lectorem,
625 784 680 876 qui
706 780 747 852 de
773 790 909 852 auctore
934 780 1067 874 Dialogi
1091 780 1200 852 Mira-

167 889 317 960 culorum
342 888 436 982 plura
463 907 668 978 cognoscere
694 887 795 981 cupit,
822 883 1037 978 delegamus.

268 990 343 1062 Jam
368 1011 425 1062 res
450 994 568 1087 poscit,
594 999 630 1061 ut
656 1011 740 1082 quae
768 989 912 1063 subsidia
929 991 963 1060 in
981 988 1110 1061 edendo
1134 988 1200 1060 hoe

165 1095 308 1188 Dialogo
341 1094 419 1165 mihi
451 1104 584 1190 praesto
616 1093 759 1184 fuerint,
800 1096 984 1165 accuratius
1018 1116 1196 1189 exponam.

167 1198 300 1273 Contuli
340 1200 472 1269 omnino
507 1197 640 1271 codices
684 1206 842 1293 quatuor:
886 1200 921 1268 in
956 1196 1072 1291 quibus
1115 1197 1197 1270 duos

165 1303 385 1376 bibliothecae
411 1301 736 1397 Dusseldorpiensis‚
782 1324 864 1396 quos
890 1303 1020 1373 litterae
1045 1302 1081 1373 A
1107 1311 1142 1372 et
1167 1301 1214 1372 D·

165 1408 328 1497 indicant,
368 1429 469 1477 unum
493 1405 712 1477 bibliothecae
738 1409 962 1478 universitatis
989 1406 1197 1495 Bonnense,

165 1535 265 1607 quem
277 1510 427 1583 litteraB
444 1513 618 1603 insignium
645 1519 779 1604 quartus
798 1509 938 1604 denique
952 1510 1072 1601 codex,
1090 1510 1199 1581 littera

159 1615 196 1690 .G
221 1617 419 1708 insignitus,
446 1623 637 1688 asservatur
661 1617 696 1686 in
721 1613 919 1686 bibliotheca
943 1614 1073 1711 publica
1095 1636 1199 1708 gym-

166 1723 250 1796 nasii
276 1718 511 1791 catholicorum
537 1716 756 1791 Coloniensis.

269 1824 296 1896 I.
333 1821 499 1896 conexa
510 1822 728 1895 bibliothecae
741 1822 1061 1917 Dusseldorpiensis‚
1088 1830 1201 1893 mem-'

166 1927 363 2016 branacens,
390 1949 479 2001 saec.
498 1926 592 2018 XIV,
620 1926 744 1998 duabus
775 1926 935 1998 columnis
960 1927 1121 1998 linearum
1135 1925 1197 2015 36,

167 2030 505 2119 diversautvidetur
521 2054 618 2102 manu
636 2030 736 2102 nitide
762 2036 931 2121 exaratuS,
959 2040 1086 2103 constat
1111 2029 1198 2102 foliis

168 2134 256 2208 252.
296 2135 395 2207 Tituh
410 2145 486 2209 sunt
501 2137 635 2224 miniati,
653 2136 782 2206 htterae
798 2135 939 2208 initiales
955 2139 1058 2208 variis
1072 2135 1199 2206 colori-

166 2239 241 2330 bus,
268 2261 332 2311 nec
344 2262 412 2311 non
426 2239 589 2310 interdum
604 2237 799 2332 imaginibus
816 2239 997 2310 distinctae.
1024 2240 1198 2332 Distinctio

167 2347 272 2441 prima
303 2352 338 2415 et
362 2345 473 2440 priora
499 2343 712 2417 distinctionis
738 2343 905 2416 secundae
931 2346 1037 2438 capita
1064 2341 1199 2416 deside-

166 2458 291 2520 rantur.
344 2448 568 2521 Distinctionis
601 2451 718 2518 tertiae
743 2449 869 2518 initium
896 2457 930 2518 et
954 2448 1069 2518 ultima
1094 2445 1200 2520 verba

167 2552 263 2625 huius
294 2553 416 2625 codicis
436 2554 471 2622 in
496 2554 675 2648 specimine
699 2572 816 2623 manus
843 2552 993 2623 codicum
1018 2554 1199 2647 praemisso

169 2666 323 2729 accurate
349 2678 512 2753 expressa
536 2665 624 2746 sunt,
644 2665 875 2752 praeterquam
896 2656 984 2750 quod
1008 2657 1102 2727 color
1127 2657 1200 2752 pri-

168 2764 291 2834 marius
316 2761 485 2850 initialium
509 2763 545 2831 in
571 2759 686 2832 codice
712 2759 885 2832 caeruleus
913 2770 974 2833 est.

272 2864 313 2937 11.
368 2862 450 2936 Ood.
465 2865 496 2936 D
512 2863 729 2936 bibliothecae
742 2864 1064 2960 DusseldorpiensiS‚
1089 2886 1200 2935 mem-

168 2966 365 3059 branaceus,
388 2990 477 3042 saec.
499 2966 567 3041 XV
585 2971 739 3059 meantis,
764 2966 889 3042 duabus
907 2970 1067 3041 columnis
1089 2969 1201 3040 linea-

170 3094 244 3146 rum
270 3072 333 3163 39,
347 3071 448 3145 nitide
474 3074 627 3168 scriptus,
653 3073 732 3144 olim
758 3071 1200 3166 coenobiiAltenhergensis

170 3174 242 3251 fuit.
279 3176 377 3248 Tituli
401 3186 435 3248 et
448 3176 577 3249 htterae
598 3178 739 3251 initiales
758 3180 883 3248 miniati
905 3186 992 3250 sunt.
1019 3176 1201 3270 Prologum

171 3290 207 3355 et
231 3278 471 3353 distinctionem
507 3283 645 3378 primam
679 3281 763 3353 duae
789 3291 954 3353 exornant
978 3281 1108 3352 litterae
1133 3283 1202 3352 ini-

172 3384 289 3474 tiales,
334 3383 500 3458 coloribus
541 3406 688 3478 auroque
721 3383 857 3457 mirifice
891 3384 1074 3459 distinctae.
1145 3384 1202 3455 Ex

173 3486 290 3585 quibus
316 3487 419 3561 altera
450 3490 486 3561 in
518 3490 583 3560 iam
617 3489 704 3562 dicto
730 3490 910 3585 specimine
941 3511 1104 3585 expressa
1129 3497 1201 3580 est,

173 3592 230 3667 ubi
253 3594 379 3667 initium
404 3613 535 3688 qrroqrre
560 3592 775 3667 distinctionis
799 3595 926 3689 primae
951 3603 986 3666 et
1009 3591 1084 3668 linis
1106 3592 1202 3666 codi-

172 3700 223 3775 cis
246 3696 376 3797 depicta
400 3695 698 3795 deprehenduntur.

271 3798 330 3877 111.
385 3798 468 3877 cot.
495 3800 524 3875 B
548 3798 766 3903 bibliothecae
790 3801 1015 3875 universitatis
1040 3800 1203 3873 bonnen-
