2438 4170
433 132 435 141 .
879 72 939 179 sp
1020 58 1049 102 *¹¹

400 227 456 287 nn
478 225 754 288 commmonn.

86 345 174 431 iuti.
214 349 250 409 In
263 349 469 410 iustificatione
490 353 649 426 peccatoris
671 349 769 409 dicunt
780 353 902 424 quatuor
913 363 1091 423 concurrere,
1132 381 1136 388 ·

89 439 171 515 petiae
188 438 371 512 infusionem,
396 443 506 496 motum
528 445 691 513 surgentem
714 454 749 496 ex
770 438 861 513 gratia
883 442 912 494 et
932 436 1021 494 libero
1043 452 1092 493 ar·

93 525 163 599 uuo,
180 527 376 584 contritionem
387 521 422 604 ²),
443 530 626 599 peccatorum
646 525 848 583 remissionem.
891 523 1020 599 Quatuor
1038 523 1095 581 ista

97 611 212 687 rppellunt
232 617 354 686 quatuor
374 610 596 692 iustificationes.
637 611 763 670 Primam
783 628 841 670 non
857 626 1006 683 meremur,
1027 610 1095 684 quia

95 699 158 774 gratis
177 698 345 772 infunditur,
376 714 430 757 nec
460 694 527 777 ca³)
556 715 712 771 meremur,
745 699 813 772 qnia
844 713 912 754 mox
941 713 977 754 ex
1003 697 1095 772 gratia

97 783 212 845 ctibero
241 786 356 844 arbitrio
392 789 488 842 motus
510 784 626 859 quidam
658 787 804 844 excitatm.
864 783 978 841 Motum
1008 785 1096 841 istum

51 890 53 895 ·
97 868 144 929 licet
164 889 216 931 non
243 888 418 945 mereamur,
447 877 543 930 tamen
574 888 608 930 eo
640 888 781 930 meremur
814 872 926 928 tertiam
955 868 1095 928 iustifica-

56 988 59 995 ·
96 957 187 1034 ionem,
205 958 235 1016 id
257 965 318 1032 est,
340 960 544 1017 contritionem.
586 958 671 1017 Hane
692 957 920 1016 iustificationem
940 973 1095 1030 meremur,

51 1072 53 1117 t
91 1048 119 1102 et
137 1060 164 1103 ea
189 1063 328 1105 meremur
357 1050 488 1120 quartam
507 1044 752 1119 iustificationem,
774 1044 880 1104 scilicet
901 1045 1096 1102 remissionem

51 1122 56 1253 ἰ
97 1136 255 1204 pmubmm.
299 1130 345 1190 Ob
363 1131 428 1203 ,hoc
458 1132 565 1190 dictum
594 1138 637 1190 est
657 1131 781 1190 Mariae:
813 1132 945 1190 Dimisso
973 1137 1043 1188 suat
1070 1131 1096 1187 ci

94 1224 187 1291 paccio
205 1220 315 1292 muta,
344 1221 485 1294 quoniam
514 1219 613 1278 dilexit
640 1221 768 1277 multum
778 1214 812 1295 ⁴).
856 1218 992 1276 Contritio
1021 1218 1098 1274 enim

99 1317 144 1362 erse
159 1322 209 1364 non
228 1311 325 1382 potest
345 1308 405 1364 sine
428 1303 586 1364 dilectione.
627 1305 704 1365 Eece
725 1306 815 1363 habes
825 1300 845 1383 ⁵)
875 1303 945 1379 quid
967 1305 1097 1363 contritio

99 1395 199 1449 nuemr.
239 1393 278 1450 Et
307 1392 363 1451 hoc
390 1395 462 1451 scire
486 1391 587 1467 debes,
617 1393 694 1467 quod
714 1409 774 1451 nna
794 1391 955 1450 iustificatio
978 1389 1098 1449 alteram

99 1489 139 1533 non
154 1479 298 1553 praecedat
308 1473 330 1558 ⁶)
359 1485 501 1553 tempore,
529 1479 579 1538 sed
606 1486 717 1538 natura.
760 1477 962 1537 NOVICIUS:
984 1476 1098 1536 Vellem

99 1561 148 1620 tihi
163 1563 211 1624 ista
221 1566 333 1641 plenius
349 1568 451 1641 exponi
473 1567 526 1624 sub
540 1566 636 1641 aliqua
652 1566 840 1624 similitudine.
862 1562 1097 1623 MONACHUS:

100 1644 196 1711 Advorte
217 1670 291 1728 quae
314 1653 389 1711 dico:
411 1653 515 1711 Pluvia
535 1659 626 1711 terrae
647 1650 814 1726 infunditur,
837 1657 865 1708 et
877 1649 896 1730 ⁷)
921 1668 955 1709 ex
977 1657 1099 1726 utroque

100 1730 165 1796 larba
181 1742 317 1816 gignitur3
350 1738 450 1798 deinde
480 1756 515 1797 ex
542 1740 633 1798 herba
660 1739 768 1797 fructus
795 1737 969 1813 producitur.
1023 1736 1099 1812 Quid

100 1818 179 1900 pluvia,
197 1828 250 1885 nisi
276 1825 389 1902 gratia?
419 1825 486 1900 quid
515 1831 604 1900 terra,
639 1829 694 1884 msi
715 1826 835 1897 libemm
857 1822 1027 1882 arbitrium?
1053 1822 1099 1880 Ex

101 1904 172 1980 pluvia
190 1919 216 1972 et
236 1920 313 1971 terra
333 1930 449 1989 gramen
471 1915 609 1988 gignitur,
632 1918 660 1970 et
671 1910 692 1992 ⁸)
716 1929 750 1970 ex
772 1914 863 1987 gratia
884 1911 1030 1985 liberoque
1052 1928 1101 1968 ar-

101 1989 174 2073 tirio,
198 2005 230 2058 ut
252 1999 359 2058 dictum
382 2005 438 2074 est,
466 2007 560 2059 motus
583 2001 678 2058 oritur·
721 1998 821 2057 Herba
840 1997 1006 2072 fructificat,
1036 2014 1102 2056 cum

51 2138 53 2147 ,
102 2077 158 2141 idem
175 2093 266 2146 motus
287 2086 408 2145 liberum
430 2088 576 2145 arbitrium
597 2085 635 2144 ad
660 2087 881 2144 satisfactionem
893 2090 998 2144 movet.
1034 2083 1101 2143 Ste-

51 2154 55 2179 ¹
101 2163 142 2225 filit
159 2179 196 2231 ert
214 2180 291 2233 terra
312 2176 372 2232 sine
393 2172 498 2248 pluvia,
522 2180 550 2231 et
571 2175 680 2248 absque
702 2173 794 2231 fructu
814 2172 934 2232 liberum
956 2172 1102 2229 arbitrium

101 2251 144 2312 iile
160 2263 259 2335 patra,
281 2260 351 2318 nihil
373 2261 458 2319 ctiam
480 2267 613 2335 operatur
634 2260 732 2335 pluvia
754 2262 918 2333 sineterra,
941 2260 1008 2332 quia
1028 2260 1103 2316 sicut

102 2347 227 2407 crebritas
250 2347 329 2405 dicit:
358 2346 439 2405 Deus
467 2353 563 2422 potest
590 2347 734 2405 hominem
764 2363 860 2405 creare
889 2347 949 2403 sinc
977 2361 1022 2418 se,
1052 2342 1103 2402 sed

100 2434 143 2484 ton
158 2432 302 2492 iustificare
325 2437 384 2492 sine
407 2451 446 2492 se.
489 2433 572 2493 Unde
584 2433 755 2509 Apostolus:
777 2434 848 2491 Noa
862 2449 923 2508 epe,
939 2431 990 2489 sed
1003 2432 1104 2506 pratia

100 2508 144 2571 Dei
163 2538 271 2579 mecum
280 2517 312 2597 ⁹).
333 2518 536 2579 NOVICIUS:
566 2521 643 2596 Quot
672 2526 738 2578 sunt
770 2522 879 2594 species
908 2514 1103 2576 contritionis?

99 2593 307 2667 MONACHUS:
328 2608 422 2682 Duae,
443 2610 557 2666 interior
579 2609 687 2667 seilicet
704 2614 733 2666 ct
746 2609 874 2666 exterior.
917 2605 1038 2662 Interior
1061 2608 1105 2662 est

99 2682 309 2752 inmantudine
332 2694 433 2769 cordis,
456 2697 575 2753 exterior
596 2697 625 2752 in
640 2695 790 2752 afflictione
813 2694 946 2768 corporis.
989 2689 1035 2748 Dc
1056 2689 1106 2748 illa
1164 2758 1168 2765 Ι

98 2784 138 2846 litt
152 2776 325 2840 Psalmistam
348 2781 459 2839 dicitur:
490 2781 547 2840 Cor
576 2785 734 2840 contritum
764 2788 791 2838 et
813 2780 1002 2838 butiriliutum
1021 2777 1106 2835 Deus

99 2872 147 2919 uui
163 2865 293 2944 bama
308 2865 347 2946 ¹⁰).
389 2868 435 2926 De
448 2870 504 2926 ista
515 2886 583 2927 vero
597 2868 739 2927 ieremias
754 2864 797 2946 ¹¹):
820 2865 993 2924 Maledictus
1007 2864 1106 2937 homo,

98 2948 140 3021 pa·
150 2953 279 3027 probibet
301 2955 434 3030 glodiano
462 2974 550 3014 suam
573 2975 592 3013 a
614 2959 758 3030 sanguine
773 2951 820 3032 ¹²),
842 2952 871 3011 id
894 2959 950 3026 est,
973 2968 991 3010 a
1011 2968 1107 3026 poena

95 3042 198 3116 peccati,
219 3059 272 3119 per
301 3059 388 3116 quam
409 3058 512 3118 corpus
534 3043 674 3119 affligitur.
716 3039 920 3100 NOVICIUS:
949 3037 1018 3098 Jam
1038 3055 1106 3114 per-

108 3235 166 3310 1)c
181 3243 319 3295 maiores
337 3245 445 3297 nostri
462 3242 535 3296 inde
559 3246 714 3296 sentiant.
735 3244 817 3327 1²)
835 3244 855 3295 li
874 3242 1107 3295 contritionem

147 3313 991 3452 ti,§.iiiiiintituli?lt.l·..¹,¹‘ltl·.illiti..
1004 3319 1108 3447 tilii

146 3466 181 3516 re,
196 3451 256 3504 licet
272 3469 322 3504 una
340 3453 442 3505 alteram
461 3455 607 3506 naturaliter
616 3452 758 3522 praecedat.
777 3454 857 3504 Prima
870 3461 909 3503 est
926 3452 1022 3519 gratim
1039 3449 1109 3500 infu-

147 3523 190 3573 sio.
207 3522 277 3574 lianc
294 3539 344 3575 non
363 3540 495 3587 meremur,
512 3541 559 3576 nec
577 3541 607 3574 ea
625 3527 772 3575 meremur.“
793 3554 823 3562 -
844 3523 875 3590 4)
894 3523 950 3573 Luc.
970 3522 995 3584 7,
1013 3521 1055 3570 47.
1075 3546 1106 3556 -
1165 3577 1170 3588 ,

147 3591 215 3659 5)c
242 3608 318 3644 ecce
347 3594 400 3644 hic
429 3594 542 3656 habes3
567 3610 624 3645 mox
648 3594 689 3646 BD
715 3596 803 3661 quia,
827 3592 847 3642 li
875 3590 967 3660 quod.
987 3619 1017 3628 -
1038 3585 1109 3655 6)c

146 3661 629 3800 iia-efi‘itii'rfs’ar⁷io⁰trimflss
647 3664 679 3784 ir]
691 3662 887 3784 illitis]
895 3660 1006 3782 1⁹0)er
1023 3658 1055 3777 ii
1063 3656 1109 3775 21⁵}

147 3769 313 3853 ieremias.
332 3833 364 3840 -
383 3771 561 3872 lascesas,
581 3803 621 3854 ro.
952 3767 959 3795 '
