2438 4170
204 255 243 314 10
527 249 754 314 DISTINGTIO
775 250 905 313 PRIMA

203 377 370 451 magistrum
391 374 420 432 in
441 377 575 452 grangia,
604 393 677 451 quae
709 382 830 433 vocatur
850 375 940 449 Hert,
967 375 1015 448 qui
1043 379 1165 434 testatus
1194 394 1219 434 e

183 512 186 516 .
204 461 339 537 Spiritum
360 469 490 521 sanctum
510 465 540 521 in
561 465 656 539 specie
679 462 828 521 columbae
858 479 943 537 super
972 466 1059 537 caput
1088 464 1219 520 cuins..

203 551 307 608 novicii
320 546 335 628 ¹)
359 549 557 624 descendisse,
591 568 655 609 cum
686 552 716 608 in
748 549 922 608 monachum
952 548 1170 607 benediceretur
1199 568 1218 610 a

204 633 328 694 Abbate.
370 635 573 696 NOVICIUS:
595 636 691 695 Audio
713 639 742 694 in
752 640 807 695 isto
819 636 897 711 quod
907 635 1055 711 laetificat3
1078 634 1213 710 sedquo

204 722 271 781 dam
292 726 414 782 occurrit
439 726 607 799 memoriae,
638 724 714 799 quod
742 724 864 781 multum
892 741 938 782 me
966 729 1066 781 terret:
1096 723 1219 798 quosd

201 809 327 868 intellexi
346 813 459 869 venisse
481 810 519 870 ad
540 811 668 870 ordinem
688 812 765 870 bona
785 813 955 884 intentione,
989 815 1018 868 et
1038 808 1219 870 adolescens

203 914 324 974 magnae
345 899 531 971 innocentiae,
554 901 602 972 qui
622 915 758 973 processu
779 901 914 973 temporis
934 894 1120 972 respexenmt
1132 904 1208 958 retro

203 991 232 1042 ct
252 987 402 1060 perierunt.
445 983 678 1044 MONACHUS:
699 986 876 1059 Frequenter
892 984 989 1043 audivi
1003 984 1087 1045 tana.
1130 984 1205 1045 Dice

202 1070 301 1130 solitus
324 1079 385 1129 erat
406 1072 536 1130 dominns
557 1071 706 1130 Johannes
724 1071 965 1147 Arclriepiscopns
978 1070 1171 1148 Treverensis,
1201 1098 1206 1111 v

202 1155 326 1233 prudens
349 1165 377 1217 et
399 1162 444 1218 eui
465 1163 534 1218 satis
556 1166 636 1217 erant
657 1166 726 1218 nota
737 1156 757 1238 ³)
766 1158 870 1217 ordinis
891 1161 978 1217 nostri
999 1164 1117 1233 secreta,
1139 1178 1163 1216 rr
1213 1186 1219 1213 ι

202 1261 265 1303 esse
287 1246 364 1320 quod
385 1248 466 1320 pueri
486 1246 534 1305 vel
554 1248 672 1304 iuvenes
693 1245 731 1304 ad
763 1246 890 1305 ordinem
919 1248 1079 1319 venientes,
1112 1264 1170 1321 qno
1213 1274 1218 1300 ι

202 1329 417 1411 conscientias⁴)
440 1333 552 1407 pondus
564 1335 675 1407 peccati
696 1350 752 1391 non
766 1339 874 1409 gravat,
896 1333 1037 1391 ferventes
1056 1335 1121 1390 sint.
1161 1334 1219 1392 Imr

202 1419 279 1494 qnod
300 1419 460 1478 miserabile
470 1417 490 1499 ὁ)
514 1427 571 1494 est,
603 1420 651 1478 vel
678 1423 706 1478 in
729 1420 826 1479 ordine
848 1420 943 1494 tepide
965 1415 1021 1498 et⁶)
1043 1422 1138 1478 minus
1159 1421 1217 1480 ben

200 1509 309 1581 vivunt,
331 1507 378 1565 vel
400 1507 436 1564 ab
460 1507 558 1566 ordine
578 1525 693 1582 prorsus
714 1507 866 1566 recedunt:
889 1508 1034 1581 quianon
1057 1506 1100 1564 est
1120 1505 1178 1587 irr')
1194 1510 1218 1567 e'

199 1595 283 1652 timor
304 1595 484 1653 accusatricis
507 1597 710 1669 conscientiam
734 1593 768 1653 de
790 1595 942 1653 virtutibus
964 1596 1022 1652 suis
1038 1610 1214 1667 praesumun

183 1683 297 1756 'sicque
318 1683 440 1740 subortis
462 1682 665 1740 tentationibus
697 1684 791 1739 minus
823 1683 964 1740 resistunt.
1007 1680 1089 1739 Nosti
1117 1682 1217 1741 fratre

199 1766 372 1848 nostrumll,
407 1771 456 1843 qui
475 1769 547 1826 inira
567 1769 643 1826 liunc
664 1786 792 1827 mensem
820 1768 855 1827 de
883 1769 1002 1844 grangia
1032 1770 1128 1826 vicina
1136 1763 1157 1848 ⁹)
1180 1769 1216 1828 de

200 1862 299 1930 ceptus
331 1874 349 1914 a
378 1856 494 1914 muliere
523 1855 660 1914 recessit?
703 1854 909 1915 NOVICI-US:
932 1854 1054 1931 Optime.
1098 1854 1216 1916 MONA

202 1941 319 2002 CHUS:
341 1943 387 2000 De
408 1945 462 2000 isto
477 1943 545 2000 milri
558 1943 707 2001 constabat
724 1941 761 2022 ¹⁰),
784 1942 862 2017 quod
884 1959 1001 2018 corpore
1022 1940 1102 2018 virg'o
1125 1943 1213 2017 fuitf'

199 2030 308 2087 iuvenis
331 2028 532 2104 disciplinatus,
554 2033 594 2087 ita
616 2029 693 2104 quod
713 2034 856 2088 neminem
868 2032 940 2087 inter
951 2046 1104 2088 conversos
1119 2037 1217 2089 nostro

198 2116 385 2174 aestimabam
403 2112 431 2195 ¹²)
455 2133 489 2174 eo
511 2117 684 2175 meliorem.¹
708 2117 909 2176 NOVICIUS:
931 2117 1008 2175 Vere
1027 2104 1178 2193 Dominus,
1207 2141 1212 2168 ι

199 2201 266 2261 dicit
286 2203 438 2279 Propheta,
462 2203 595 2262 innabilis
615 2208 648 2261 in
669 2207 793 2263 consiliis
815 2223 903 2280 snper
922 2205 997 2280 filios
1018 2205 1172 2262 bominum
1191 2203 1210 2234 ¹³

198 2288 430 2350 MONACHUS:
463 2290 568 2348 Dicam
589 2291 640 2349 tibi
663 2298 691 2349 et
711 2288 738 2371 ¹⁴)
761 2291 852 2366 aliud,
886 2290 963 2366 quod
984 2292 1161 2365 temporibus
1182 2309 1215 2351 se

197 2378 309 2435 niorum
336 2384 496 2436 nostrorum
526 2381 642 2454 contigit
667 2380 696 2436 in
719 2378 865 2454 Claustro,
897 2385 987 2438 matre
1016 2385 1128 2453 nostra,
1158 2381 1212 2438 sic·

195 2463 308 2522 illorum
328 2464 465 2524 relatione
487 2468 608 2542 cognovi
627 2462 664 2544 ¹⁵).

541 2655 773 2717 onerunnun
796 2653 884 2737 rvr)

196 2781 244 2840 De
264 2781 379 2840 novicio
400 2783 432 2838 in
453 2780 669 2839 Hernnrcnrode
691 2797 838 2851 converso,
861 2779 896 2837 de
919 2795 977 2854 quo
996 2780 1219 2840 sanctesDoet

447 2868 535 2926 dicit:
556 2868 628 2926 Non
650 2873 691 2925 cst
713 2866 847 2924 omnibus
870 2867 982 2925 dotem.

260 3004 348 3063 Venit
373 3004 441 3063 illue
462 2999 489 3085 ¹⁶)
520 3006 636 3080 quidam
664 3004 892 3064 adolescentulus
920 3004 1042 3063 multum
1070 3003 1174 3065 devote
1201 3024 1217 3065 e

196 3091 338 3149 humiliter
368 3099 469 3167 petens
496 3094 669 3168 ingressnm3
702 3099 851 3167 susceptus
880 3099 992 3165 autem,
1024 3095 1085 3150 sine
1114 3091 1219 3168 querel

196 3185 380 3238 conversatus
403 3185 446 3238 est
465 3175 502 3258 ¹²).
545 3178 631 3238 Hunc
662 3197 731 3238 vero
760 3180 930 3239 venerabilis
956 3179 1090 3238 sacerdos
1112 3179 1210 3240 David

214 3345 282 3413 1)0
308 3345 474 3397 cuiusdam
502 3348 626 3398 novicii
653 3355 756 3414 caput.
777 3376 807 3386 -
834 3347 866 3414 2)
891 3345 932 3398 Be
958 3354 1050 3397 retro
1076 3361 1213 3413 respexe

263 3425 344 3467 runt.
366 3445 396 3455 —
416 3417 448 3484 3)
466 3417 486 3468 C
503 3426 580 3468 nota
598 3426 740 3468 erant-
760 3418 791 3484 4)
810 3415 829 3468 G
847 3417 1091 3467 conscientiam.
1113 3445 1143 3455 —
1163 3417 1195 3483 5)
1215 3422 1219 3460 t

262 3485 536 3537 miserabilius-
556 3487 588 3554 6)
606 3487 646 3538 BC
664 3487 764 3538 vel—
784 3487 816 3554 7)
834 3487 863 3537 in
882 3501 922 3536 orn
941 3486 1011 3538 0.-
1031 3486 1063 3552 8)
1081 3494 1196 3537 nostru
1217 3510 1219 3532 t

137 3611 148 3623 g
263 3571 302 3606 om
321 3556 370 3607 DP.
390 3586 420 3595 -
441 3556 473 3623 9)
491 3556 526 3608 de
549 3559 683 3624 grangia
702 3559 809 3607 vicino
827 3572 867 3606 orn
886 3555 912 3606 G.
933 3586 963 3594 -
985 3556 1033 3623 10)
1051 3554 1071 3607 C
1089 3562 1218 3607 constat

264 3626 312 3693 11)
330 3625 350 3677 O
367 3626 473 3677 fuerit
494 3655 525 3666 —-
546 3626 593 3694 12)
612 3626 631 3678 0
648 3625 697 3677 add
715 3643 797 3678 esse.
817 3654 847 3664 ·-
873 3625 920 3692 13)
939 3624 1003 3675 Psal.
1022 3627 1064 3686 65,
1083 3628 1107 3677 5.
1127 3654 1158 3665 -
1178 3625 1210 3676 14

262 3703 293 3745 et
311 3711 351 3746 orn
369 3695 396 3748 C.
417 3727 447 3736 —
469 3696 516 3764 15)
535 3696 555 3748 G
572 3696 690 3748 andivi.
711 3727 739 3736 -
765 3696 797 3764 a)
814 3695 971 3762 subsequens
988 3695 1130 3760 exemplum
1148 3694 1219 3745 habe

260 3767 335 3816 etiem
362 3767 388 3816 in
410 3766 499 3818 Hamil.
521 3766 551 3818 11.
570 3783 595 3835 p.
614 3768 656 3819 40.
677 3795 707 3806 -·
733 3765 819 3835 16)0
844 3765 922 3817 illic.
942 3793 973 3804 -·
1000 3765 1048 3834 17)
1065 3763 1109 3817 Be
1124 3763 1175 3816 add
1196 3762 1219 3815 ir

256 3835 458 3902 probatione.
759 3850 766 3861 ⁴
