2438 4170
400 112 455 175 DE
476 105 750 176 DARMONIBUS.¹
1031 111 1090 174 321
1112 144 1117 155 .

65 230 161 315 inanc3
182 236 233 299 sed
256 236 391 313 quicquid
411 256 463 314 pro
485 238 616 298 mercede
639 245 689 297 tua
702 238 901 314 postulaveris,
921 238 988 298 licet
1009 238 1094 297 dimi-

67 320 297 385 damnosorum
320 341 464 399 meorum,
485 325 577 384 libens
599 325 717 384 tradam
732 326 792 384 tibi
831 325 986 401 Nunquam
1007 326 1093 384 horno

67 408 163 472 homini
184 414 302 473 servivit
322 417 382 471 tam
400 411 520 470 fideliter
543 419 581 471 et
592 419 652 471 tam
673 412 786 472 utiliter
818 412 907 471 Pert
895 419 975 471 tuam
995 415 1094 489 provi-

65 497 182 560 dentiam
201 501 283 558 iuxta
303 498 423 557 fluvium
436 505 556 558 mortem
579 502 665 574 evasi,
685 517 737 576 per
758 506 787 558 te
809 517 881 559 uxor
902 517 968 558 mea
988 502 1095 575 recepit

62 589 214 647 samtatem.
258 586 341 645 Tunc
363 586 497 657 daemon:
519 585 564 643 Ex
582 604 639 662 quo
653 593 750 645 tecum
765 603 827 645 esse
849 602 906 645 non
925 593 1034 662 potero,
1055 587 1095 645 nil

57 690 108 751 pro
136 662 251 735 ser'vitio
281 689 361 747 meo,
390 674 444 731 nisi
472 675 596 747 quinque
629 672 735 733 solidos
763 676 884 748 requiro.
927 673 1006 750 Quos
1029 690 1094 732 cum

57 763 223 837 recepisset,
252 759 333 818 militi
354 759 418 819 illos
439 759 562 819 reddidit
584 760 696 819 dicens:
728 760 800 819 Peto
824 767 855 818 ut
878 777 913 818 err
935 763 976 819 eis
997 760 1094 819 nolam
1143 817 1151 831 ,

57 864 218 924 compares,
246 853 275 906 et
297 864 382 923 super
403 853 511 906 tectum
539 851 672 922 pauperis
693 846 767 905 illius
791 847 928 905 ecclesiae
950 864 985 906 ac
1008 846 1094 906 deso-
1175 849 1176 853 ’

53 935 133 995 latae
154 934 328 1011 suspendas,
360 940 392 992 ut
412 951 464 1009 por
485 951 550 992 eam
571 934 672 992 saltem
694 935 852 992 Dominicis
874 933 974 993 diebus
996 933 1094 999 fideles

53 1020 95 1083 ad
130 1021 258 1080 divinum
287 1027 480 1080 convocentur
508 1020 641 1079 officium.
669 1051 674 1061 =
698 1021 803 1095 Sicque
835 1021 873 1079 ab
907 1021 1003 1081 oculis'
1033 1023 1094 1080 eius

54 1109 204 1185 disparuit.
246 1106 448 1167 NOVICIUS:
474 1107 543 1184 Quis
565 1125 692 1182 unquam
713 1107 770 1166 tale
792 1107 899 1182 aliquid
922 1108 958 1167 de
980 1107 1093 1167 diabolo

54 1194 206 1272 speraret?
248 1193 483 1254 MONACHUS:
506 1195 610 1254 Dicam
623 1196 674 1254 tibi
687 1194 782 1269 aliud,¹
795 1201 828 1252 ut
849 1197 889 1253 sic
907 1195 1009 1269 dicam,
1031 1195 1094 1253 dia-

10 1304 28 1341 α
55 1282 327 1342 bolicacbonitatis
349 1281 518 1357 exemplum,
540 1282 616 1358 quod
637 1299 696 1340 non
717 1284 810 1341 minus
831 1284 886 1340 isto
908 1284 1025 1342 mireris.

366 1419 598 1481 CAPITULUM
621 1421 786 1481 XXXVII.

57 1545 107 1604 Dc
127 1543 278 1617 Marcone,
300 1548 352 1619 qui
372 1543 580 1603 Evcrhardum
601 1545 664 1601 mitt
665 1551 721 1602 tem
745 1545 896 1602 transtulit
917 1544 1094 1603 Jerusalem

121 1665 232 1725 Eodem
260 1681 335 1724 anno
365 1681 422 1740 quo
444 1665 507 1724 Rex
528 1665 677 1739 Philippus
698 1665 821 1739 primum
847 1664 975 1723 ascendit
997 1672 1063 1724 cont
1063 1683 1095 1724 ra

59 1750 194 1812 Ottonem
218 1735 322 1854 postea
341 1753 560 1827 Imperatorem,
593 1751 673 1810 miles
706 1751 820 1826 quidam
843 1740 980 1811 honestus
1001 1752 1094 1810 Ever-

58 1838 164 1899 hardus
184 1840 313 1914 nomine,
336 1840 371 1899 de
393 1838 462 1898 villa
483 1856 557 1914 quae
576 1837 704 1896 Ambula
725 1845 812 1897 vocat
812 1857 845 1896 ur
866 1844 965 1913 natus,
997 1842 1095 1914 gravi-

57 1932 102 1986 ter
128 1924 333 1985 infirmabatur.
377 1926 429 1985 Cui
455 1944 520 1984 cum
548 1932 631 2000 rapta
659 1927 758 1983 luisset
785 1932 844 1984 mat
845 1928 903 1984 cria
929 1928 959 1983 in
975 1922 991 2005 ¹)
1015 1943 1094 1985 cere-

58 2014 149 2089 brum,
170 2015 211 2072 ita
233 2015 327 2089 coepit
347 2013 447 2088 furere,
468 2020 501 2071 ut
521 2015 664 2088 propriam
687 2015 837 2088 coniugem
859 2019 925 2071 ante
946 2013 1094 2073 infirmita-

58 2106 118 2160 tem
143 2098 265 2159 multum
293 2099 426 2159 dilectam
453 2102 482 2158 in
510 2106 621 2159 tantum
652 2100 772 2158 haberet
801 2116 933 2174 exosam,
964 2107 997 2158 ut
1016 2100 1095 2159 illam

57 2204 150 2263 neque
179 2187 275 2247 vidore
307 2204 401 2261 neque
422 2187 519 2246 audire
540 2194 646 2262 posset.
688 2187 743 2246 Die
767 2187 891 2261 quadam
913 2188 1044 2246 diabolus
1065 2190 1094 2246 in

56 2272 148 2335 forma
167 2274 291 2333 hominis
312 2274 422 2333 infirmo
449 2292 596 2349 apparens,
618 2277 672 2332 ait:
693 2274 867 2349 Everharde,
888 2277 932 2333 vis
953 2276 990 2333 ab
1005 2291 1094 2339 rurore

58 2367 108 2421 tra
128 2356 275 2438 separari?
296 2361 499 2436 Respondente
520 2361 583 2420 illo:
604 2360 669 2420 Hoc
683 2362 815 2419 omnibus
836 2362 928 2420 modis
948 2361 1093 2435 desider03

56 2448 203 2508 subiunxit
235 2447 379 2507 diabolus:
411 2449 474 2523 Ego
504 2455 532 2507 te
560 2451 590 2505 in
619 2465 692 2522 equo
726 2465 789 2507 meo
824 2447 927 2506 ducam
955 2448 1094 2520 Romam,

56 2535 130 2597 bene
153 2536 343 2596 obtinebimus
371 2552 389 2594 a
409 2536 491 2610 Papa
502 2531 539 2614 ²),
571 2541 604 2592 ut
636 2534 787 2592 divortium
815 2534 901 2592 iaciat
921 2536 994 2592 inter
1014 2540 1043 2592 te
1066 2543 1094 2593 et

55 2621 143 2683 itlnnn
187 2621 263 2699 Quid
290 2621 394 2697 plura?
445 2623 548 2681 Visum
577 2627 620 2679 cst
647 2620 727 2677 militi
755 2627 787 2678 ut
815 2638 920 2694 equum
949 2622 1093 2679 invitantis

57 2708 234 2785 ascenderet,
254 2715 287 2768 ut
300 2709 423 2768 Romam
446 2727 511 2767 cum
532 2709 579 2767 illo
601 2714 668 2783 post
689 2713 800 2782 tergum
823 2709 883 2765 eius
902 2705 1005 2766 sedens
1026 2725 1094 2783 per-

55 2803 151 2874 geret,
180 2804 213 2855 ut
233 2795 281 2855 illo
303 2813 354 2870 pro
378 2813 408 2854 so
430 2796 587 2871 allegante,
615 2794 696 2869 Papa
725 2812 791 2852 cum
820 2794 857 2852 ab
885 2811 974 2853 uxore
997 2812 1094 2859 coram

57 2882 256 2953 Cardinalibus
277 2882 449 2941 sollemniter
471 2888 627 2958 separaret,
654 2883 805 2955 ipsumque
833 2880 986 2939 divortium
1006 2881 1094 2940 literis

55 2970 268 3047 pontificalibus
281 2976 367 3045 atque
383 2969 498 3028 bullatis
514 2968 700 3028 confirmaret
728 2967 803 3026 Mira
823 2985 877 3026 ros.
899 2967 947 3027 Ab
962 2969 1063 3028 eadem
1072 2967 1093 3047 ³)

56 3058 129 3119 hora
150 3074 208 3133 qua
230 3058 271 3116 sic
292 3055 456 3116 mirabiliter
476 3055 579 3114 infirmi
600 3057 714 3130 spiritus
736 3072 754 3113 a
777 3054 890 3115 diabolo
912 3062 1010 3130 raptus
1036 3062 1094 3129 est,

56 3150 98 3205 ita
119 3161 223 3220 corpus
244 3144 357 3203 iacebat
379 3160 538 3219 exsangue,
570 3148 602 3199 ut
630 3148 741 3200 tantum
769 3141 913 3202 modicum
942 3142 1043 3202 caloris
1064 3146 1093 3201 in

56 3236 118 3293 eius
139 3236 254 3308 pectore
275 3232 433 3289 sentiretur.
469 3231 590 3305 Propter
612 3228 688 3304 quod
710 3246 728 3287 a
750 3229 895 3304 sepultura
917 3229 1019 3288 dilatus
1043 3238 1094 3288 est.

56 3308 164 3394 Milite,
193 3323 225 3376 ut
246 3318 301 3377 sibi
322 3308 487 3391 videbatur,
520 3317 602 3374 nimis
624 3316 766 3391 gaudente
789 3316 900 3375 divortii
921 3334 1032 3391 causas
1054 3319 1094 3376 ait

58 3405 202 3550 diabolug:
224 3405 277 3464 Vis
298 3405 384 3463 modo
405 3410 438 3461 ut
460 3403 562 3462 ducam
584 3409 613 3461 te
629 3403 867 3480 Hierosolymam,
888 3404 939 3463 ubi
951 3403 1093 3462 Dominus

58 3501 123 3553 tuus
146 3509 161 3552 c
197 3490 295 3551 cifixus
318 3497 460 3566 astatque
474 3489 610 3565 sepultus,
631 3506 684 3549 nco
706 3506 764 3557 non
786 3497 814 3549 ct
835 3489 873 3549 ad
885 3490 994 3564 reliqua
1012 3507 1095 3548 sacra

76 3610 107 3678 1)
124 3607 146 3662 G
162 3606 208 3660 ad.
226 3607 344 3672 vultu:
364 3608 419 3674 „cui
437 3623 492 3658 cum
511 3608 614 3658 materia
627 3615 698 3674 rupta
716 3615 783 3659 esset
801 3608 826 3657 irr
845 3605 999 3658 cerebrum.“
1020 3606 1092 3658 Cous.

125 3675 1060 3746 1114311142.-2)ι)1ρ111>1ριω.-3)Βεα,οῑιι1ι.

166 3786 179 3815 ι
283 3794 286 3801 -
750 3747 842 3824 ss*
