2460 4162
439 213 495 275 Du
516 212 778 274 ΤΕΝΤΑΤΙΟΝΕ.
1067 218 1126 274 179

328 358 342 401 ⁵
454 387 686 450 caeremon
708 389 776 449 vu.

83 512 139 571 De
160 517 265 571 abacto
285 510 445 570 Beururdo
466 511 589 585 Abbute,
615 530 702 587 quem
723 513 828 569 caletos
849 527 918 570 seres
939 514 1128 586 tauupeatem

352 598 505 673 superbiae
526 601 646 673 spiritus
667 597 869 657 subsannavit.

155 735 213 796 Die
235 734 360 812 quadam
372 736 538 795 humilitatis
556 753 644 796 eausa
675 744 791 796 sanctus
812 735 915 794 Abbas
936 735 1099 794 Bemardus
1110 732 1125 814 ¹)
1220 790 1225 800 ,

85 841 108 883 a
127 821 247 883 ferrario
268 825 323 883 sibi
343 826 425 882 iussit
452 829 611 899 ungentum
633 823 709 897 dari,
731 829 760 882 et
781 825 810 880 in
832 816 1010 895 calefactorio
1032 825 1127 898 ignem

85 907 160 969 fieri.
204 900 261 986 Qui
289 927 374 986 super
402 926 434 970 se
463 913 567 968 ostium
589 909 739 985 claudens,
768 927 804 968 ne
827 927 862 968 ex
885 926 969 984 opere
992 908 1126 983 despecto

85 995 208 1055 hudem
243 994 381 1073 quaerere
418 996 576 1072 videretur,
606 997 710 1056 calcios
746 1014 813 1056 suos
848 999 984 1072 inungere
1025 997 1126 1071 coepit.

88 1080 228 1143 Invidens
248 1090 345 1143 antae
358 1083 510 1142 humilitati
531 1085 682 1158 superbiae
704 1085 826 1158 spiritus,
849 1082 990 1142 officinam
1011 1082 1126 1140 hmnili-

87 1172 159 1229 tatis
186 1171 216 1228 in
243 1171 336 1230 forma
363 1170 476 1229 honesti
504 1170 623 1244 hospitis
651 1172 778 1245 intravit,
808 1175 837 1228 et
856 1171 906 1228 ubi
929 1175 1004 1227 esset
1024 1166 1126 1227 Abbas

87 1254 168 1315 clere
200 1274 273 1316 voce
305 1260 461 1332 requisivit.
519 1256 568 1314 Ad
601 1275 686 1333 quem
717 1274 782 1315 cum
810 1258 854 1314 vir
884 1263 998 1315 sanetus
1028 1255 1126 1314 oeulos

87 1340 252 1423 levasset²)‚
274 1343 397 1403 daemon
410 1344 557 1403 clamavit:
579 1343 664 1403 Vaeh
672 1340 692 1423 ³)
716 1343 807 1419 qualis
821 1342 937 1401 Abbas!
963 1342 1044 1400 Certe
1062 1360 1126 1400 ma·

88 1430 133 1504 gis
157 1429 270 1490 deceret
296 1431 370 1489 illius
398 1431 577 1490 honestatem
606 1431 766 1506 hospitibus
789 1446 951 1503 occurrere,
981 1429 1127 1504 quemad

10 1544 13 1557 =
91 1516 284 1577 eonhuionem
311 1517 430 1576 fratrum
457 1534 574 1576 suorum
602 1520 631 1575 in
661 1517 755 1576 caletis
783 1515 951 1591 inungendis
984 1518 1125 1589 occupari.

93 1598 193 1661 Statim
219 1605 263 1663 vir
291 1610 406 1662 sanetus
433 1621 484 1679 per
513 1609 645 1662 sanetum
672 1601 836 1681 Spirituml)
859 1602 937 1660 illum
966 1602 1126 1677 intelligens

95 1689 220 1761 spirtum
245 1707 308 1749 esse
329 1690 523 1765 immundum,
553 1709 666 1753 rursum
688 1689 725 1748 ad
748 1707 820 1765 opus
842 1689 1005 1746 humilitatis
1028 1689 1126 1747 oeulos

98 1772 207 1851 ruent,
228 1782 258 1836 et
278 1778 392 1852 spin'tus
416 1777 463 1835 ille
485 1784 622 1836 ventosus
643 1778 672 1834 in
694 1794 790 1835 aerem
812 1775 962 1848 resolutus,
983 1791 1126 1849 nusquam

101 1864 257 1939 comparuit
306 1862 507 1923 NOVIGIUS:
536 1864 567 1922 Si
595 1865 650 1922 riri
678 1864 743 1921 iusti
771 1865 800 1919 in
822 1862 954 1937 operibus
985 1861 1125 1936 despectis

101 1940 362 2025 timentelationem
384 1950 430 2010 vel
445 1950 629 2025 quodminus
652 1955 703 2025 est,
724 1952 816 2009 notari
838 1950 874 2007 ob
896 1945 983 2027 illm),
1004 1948 1125 2006 multum
1192 1934 1203 1955 '

102 2028 173 2095 notis
194 2036 355 2095 cavendum
377 2042 421 2096 est
442 2037 477 2096 de
499 2055 574 2095 vana
595 2036 693 2112 gloria,
715 2036 829 2111 quando
852 2052 939 2110 opera
961 2052 1124 2094 exercemus

96 2120 188 2180 88tcta
201 2128 230 2181 et
251 2122 380 2181 honesta.
422 2122 657 2182 MONACHUS:
681 2123 756 2198 Quid
768 2122 896 2199 appellas
915 2139 1003 2197 opera
1024 2130 1124 2180 saneta

91 2202 282 2291 tholosa?
302 2206 505 2268 NOVICIUS:
529 2208 633 2282 Orare,
660 2217 787 2282 eantare,
816 2209 995 2284 praedicare,
1023 2209 1124 2283 hisque

80 2286 197 2379 &milia
240 2293 475 2355 MONAOHUS:
504 2296 603 2371 Nobis,
625 2297 673 2370 qui
693 2298 760 2355 insti
780 2293 935 2373 nondnmfi)
957 2313 1070 2369 sumne,
1093 2302 1124 2353 nt

75 2358 174 2455 ficis,
199 2380 354 2458 plun'mum
383 2382 542 2442 cavendum
565 2389 608 2441 est
630 2382 665 2440 de
687 2385 763 2442 inani
784 2383 888 2458 gloria,
920 2384 989 2456 qnia
1010 2388 1123 2440 orantes

67 2442 250 2539 steqnenter
278 2470 364 2551 etiam
392 2469 521 2529 nolentes
549 2468 658 2527 extollit
683 2472 746 2543 ipsa
774 2469 954 2528 lacrimarum
983 2471 1124 2557 gratiaci

64 2530 204 2634 ‘levatio
226 2555 335 2630 cordis3
369 2562 514 2615 cantantes
536 2558 596 2615 sive
617 2555 772 2631 psallentes
804 2555 924 2614 dulcedo
957 2555 1004 2613 vel
1036 2573 1123 2613 seno-

61 2630 158 2701 ΜΒ
169 2643 265 2716 vocis3
277 2641 474 2718 praedicantes
489 2659 576 2718 saepe
587 2648 677 2701 tentat
690 2650 719 2701 et
732 2642 812 2701 inflat
822 2644 947 2715 scientia,
962 2641 1123 2715 eloquentia

62 2714 96 2765 et
118 2728 292 2787 salumias
310 2731 456 2787 sunnonis.
498 2728 564 2804 Alii,
589 2729 667 2804 quod
688 2733 802 2788 cumino
825 2728 959 2787 stultitiae
982 2726 1123 2802 deputan-

63 2791 159 2899 dum
179 2821 231 2889 est7
245 2832 382 2874 cumrnon
400 2815 525 2874 habeant
538 2819 658 2891 gratiam
673 2817 780 2890 orandi,
802 2815 848 2875 vel
862 2832 963 2874 vocem
982 2814 1123 2885 cantandi,

64 2902 145 2955 ssve
168 2904 316 2961 scientiam
330 2901 548 2977 facundiamque
562 2902 753 2977 praedicandi,
776 2904 857 2978 quasi
877 2901 911 2960 de
933 2902 1036 2959 habitis
1058 2901 1123 2978 glo-

69 2972 202 3047 nunqu,
246 2987 330 3064 Quod
359 2992 445 3048 etiam
467 2991 580 3048 maioris
603 2989 761 3050 dementiae
791 2996 849 3063 est,
871 2989 986 3063 qnidam
1009 2987 1046 3046 ad
1067 2989 1123 3048 hoe

76 3068 197 3133 mltum
214 3081 304 3149 orarit,
327 3081 443 3135 cantant
466 3082 494 3134 et
514 3076 688 3152 praedicant,
710 3083 742 3135 ut
763 3075 878 3135 laudem
900 3076 1054 3134 humanam
1077 3081 1123 3134 at-

86 3163 146 3223 que
159 3159 314 3237 temporale
334 3161 555 3221 emolumentum
578 3179 613 3221 ex
635 3165 675 3222 eis
696 3169 913 3237 consequantur.
944 3162 991 3220 De
1018 3162 1124 3221 talibus

92 3236 219 3307 Salvator
233 3248 315 3306 dicit:
337 3251 441 3320 Arrun,
454 3249 623 3335 diccpobis,
638 3257 809 3324 receperunt
823 3249 980 3306 mercedem
994 3267 1081 3307 serem
1091 3247 1121 3325 τ),

10 3410 15 3425 ,
117 3353 177 3425 ὉΒ
199 3363 386 3416 Bernnrdus
410 3365 530 3428 Abbas3
553 3364 628 3433 paulo
652 3365 769 3432 postCl)
788 3366 892 3416 iussit
919 3365 1032 3417 sibi.·-
1052 3366 1122 3433 2]ss

157 3448 221 3485 cum
248 3433 361 3486 oculos
390 3432 541 3486 levasset
566 3437 614 3487 vir
639 3443 786 3498 sanetus,
810 3435 914 3486 chm
941 3435 1055 3487 ocules
1074 3437 1123 3486 vir

159 3512 293 3554 sauctus
316 3502 471 3555 levasset.
490 3534 521 3543 —
540 3504 572 3570 3)
608 3505 685 3555 vach
710 3504 802 3555 dietum
831 3519 876 3571 pro
906 3505 975 3556 veh.
1004 3504 1122 3556 Eiusdem

158 3574 332 3633 reuerterunt
355 3573 424 3636 ach,
447 3573 521 3636 och,
539 3574 654 3640 proeh‚
679 3589 744 3642 quae
761 3575 853 3641 passim
873 3583 1007 3625 occurrunt
1025 3576 1050 3626 in
1073 3575 1122 3626 hoe

158 3640 227 3693 biolo
245 3657 269 3693 o.
290 3671 320 3681 -
340 3642 372 3709 4)
386 3641 427 3696 Bc
445 3643 601 3710 Spiritum
621 3653 774 3695 sanctum.
791 3674 819 3683 -
842 3644 872 3710 5)
890 3644 997 3696 Alll’llll
1015 3646 1122 3695 notari

157 3659 496 3775 :tribuebantur
519 3715 635 3765 notari.
656 3744 687 3754 -
705 3714 737 3782 6)
756 3713 797 3766 BG
821 3712 959 3767 nendum
982 3716 1070 3765 insti.
1090 3745 1120 3753 -

158 3780 294 3847 nuntii.
311 3780 337 3845 6,
355 3784 378 3833 5.
