2460 4162
413 214 468 274 nn
491 164 768 304 concursionis.
1040 216 1100 275 roc

52 339 99 400 ad
122 338 274 398 thesauros
295 336 432 396 Richardi
452 338 541 415 Regis
563 335 700 414 Argiae,
721 337 779 396 late
800 335 957 412 hiantium,
979 354 1102 412 quorum

53 426 182 487 consilio
204 424 340 484 Ottonem
360 424 512 499 saxonem,
533 424 624 483 filium
645 426 751 483 sororis
774 425 842 498 eius,
863 426 893 481 in
914 424 1025 498 Regem
1039 424 1102 482 Ro»

53 530 215 574 manonun
236 511 329 587 elegit.
372 512 418 571 Ex
439 517 507 570 tunc
530 511 651 570 crudelis
663 510 722 569 illa
742 511 855 584 bestia,
876 510 984 568 scilicet
1005 513 1101 569 avari·

53 604 111 676 tia,
134 601 211 659 facta
232 598 398 672 esthemo,
420 598 536 673 idest,
566 599 728 657 hominibus
750 600 791 655 ita
812 596 955 656 sociabilis
978 604 1006 656 et
1027 615 1101 671 cara,
1129 616 1133 623 ’

54 694 95 748 ut
118 688 182 746 eius
201 685 263 745 zelo
286 684 464 743 Christianae
485 690 642 759 potestates
671 702 688 742 a
716 686 823 742 iustitia
852 691 881 742 et
908 683 965 742 fide
992 687 1063 743 moti
1075 681 1100 763 ¹),

55 773 242 851 negligerent
272 775 447 845 iuramenta,
478 774 601 846 periuria
632 771 879 845 parvipendentes.
921 770 1029 830 Missus
1058 779 1102 829 est

55 862 168 921 eodem
189 867 316 935 tempore
339 856 529 937 Cardinalis2)
553 856 709 931 Coloniam,
732 861 781 933 qui
799 856 911 916 Otton‘is
932 857 1101 917 electionem

57 947 261 1021 confirmaret,
289 945 493 1020 Principesque
522 962 541 1004 a
567 947 726 1003 iuramento
756 944 833 1019 quod
854 944 1022 1019 Fredorico,
1052 947 1102 1020 qui

56 1052 141 1094 nunc
162 1040 279 1110 regnat,
299 1033 441 1106 fecerant,
463 1031 640 1106 absolveret;
664 1030 741 1105 quod
763 1034 870 1106 magis,
891 1038 924 1088 ut
946 1034 987 1090 rei
1009 1033 1100 1090 exitus

58 1123 209 1199 probavit,
222 1121 344 1195 fflperii
365 1119 418 1176 fuit
439 1118 548 1193 divisio,
571 1135 658 1193 quam
672 1117 856 1176 confirmatio.
899 1118 947 1176 Ab
962 1118 1010 1177 illo
1026 1124 1100 1176 tcm-

58 1225 133 1286 pore
154 1209 318 1283 provinciae
327 1204 464 1264 incendiis
475 1211 632 1278 vastantur,
655 1202 684 1264 'et
695 1202 715 1284 3)
728 1203 865 1263 ecclesiae
878 1204 1100 1279 depraedantur,

60 1297 183 1373 sanguis
204 1293 311 1352 multus
332 1292 458 1350 funditur
468 1289 498 1371 ⁴),
520 1291 672 1366 Adolphur
695 1292 858 1367 deponitur,
881 1291 999 1350 Colonia
1021 1293 1100 1351 obsi-

59 1382 156 1442 detur.
200 1381 282 1439 Tunc
303 1379 422 1454 impleta
442 1385 486 1437 est
508 1384 633 1438 extrema
654 1397 720 1454 pars
742 1379 826 1437 huius
847 1381 979 1438 visionis:
1004 1377 1100 1437 000-

59 1469 158 1543 lonis,
182 1466 300 1544 deplora
322 1466 498 1525 calamitates
519 1473 595 1540 tuasp
616 1472 653 1524 et,
667 1472 768 1524 cetera.
811 1465 846 1522 In
868 1468 1006 1541 principio
1028 1466 1099 1540 Epi-

59 1561 201 1632 scopatus
227 1553 354 1614 eiusdem
376 1551 516 1626 Adolphi,
545 1569 610 1611 cum
631 1554 853 1627 praecessissent
882 1555 948 1610 anni
977 1569 1099 1628 magnae

60 1641 266 1715 abundantiae,
288 1647 345 1699 tres
366 1640 480 1705 fuerunt
500 1642 575 1719 anni
588 1644 683 1697 mutae
705 1639 867 1713 sterilitatis,
888 1644 921 1696 nt
934 1637 992 1718 in⁵l
1008 1642 1099 1714 primo

60 1746 140 1789 anno
161 1727 276 1788 modius
298 1727 415 1802 siliginis
437 1726 606 1786 venderetur
627 1743 725 1785 marca
736 1728 853 1801 argenti.
881 1724 1005 1800 Reliqua
1015 1726 1099 1783 huius

59 1818 180 1893 visionis
202 1816 285 1874 nimis
307 1819 373 1872 suut
394 1810 598 1886 obscurarum
620 1819 719 1887 patent
740 1829 804 1871 meo
826 1812 988 1871 intellectui.
1028 1810 1099 1870 ΝΟ·
1125 1842 1128 1847 ,

61 1901 211 1963 VIGIUS:
234 1902 376 1976 Tempore
399 1899 543 1958 divisionis
565 1900 688 1959 Romani
709 1899 824 1973 Imperii
856 1899 987 1959 dominus
1008 1899 1098 1957 Inno-

60 1992 175 2050 centius
196 1987 279 2063 Papa
300 2004 318 2046 a
339 1987 435 2044 multis
456 1986 651 2060 indicabatur,
672 1989 713 2045 ita
733 1992 766 2042 ut
787 2003 856 2043 eum
876 1986 1001 2045 dicerent
1023 1988 1100 2044 eius-

60 2074 129 2137 dem
151 2074 313 2134 schismatis
334 2080 489 2147 auctorem,
513 2076 604 2149 primo
625 2079 737 2148 partem
760 2071 872 2131 Ottonis
893 2076 976 2131 nimis
997 2074 1099 2132 foven-

60 2161 115 2237 do,
136 2168 241 2237 postea
272 2160 395 2219 eundem
423 2156 577 2238 amplius⁶)
607 2159 812 2235 persequendo.
862 2158 1097 2219 MONACHUS:

61 2248 187 2325 Propter
202 2247 259 2306 hoc
273 2265 339 2306 cum
352 2246 429 2305 idem
439 2246 541 2306 beatae
553 2249 705 2306 memoriae
718 2247 901 2305 Innocentius
917 2246 962 2306 dis
974 2246 1098 2322 quadam

59 2352 224 2396 samonem
233 2335 345 2393 Romae
355 2333 580 2392 aedificatorium
589 2333 695 2392 iaceret
708 2336 737 2390 in
748 2332 864 2408 populo,
878 2333 1026 2393 Jolrennes
1039 2333 1097 2392 Ca·

59 2424 166 2499 potius,
181 2424 230 2497 qui
241 2419 339 2479 Ottoui
351 2421 475 2495 favebat,
492 2423 552 2479 cius
567 2437 728 2479 sermonem
740 2423 898 2496 interrupit,
920 2421 1032 2480 dicens:
1056 2419 1097 2480 Os

57 2518 144 2569 tuum
164 2525 198 2568 os
214 2498 273 2567 Dei
295 2514 346 2582 est,
368 2501 420 2566 sed
442 2523 529 2582 opera
550 2513 609 2582 tua,
630 2524 718 2582 opera
738 2513 804 2565 surrt
827 2507 939 2565 diaboli.
981 2507 1097 2566 NOVI-

58 2594 166 2655 clus:
187 2594 261 2654 Peto
283 2599 316 2652 ut
336 2611 413 2653 nunc
433 2597 582 2653 revertaris
604 2594 642 2652 ad
664 2596 868 2669 contritionem,
891 2612 909 2653 a
931 2612 988 2669 qua
1011 2612 1097 2654 occa-

55 2685 142 2743 sione
162 2681 342 2757 quorundam
363 2681 517 2740 verborum
538 2683 607 2739 satis
620 2680 778 2757 digressum
788 2687 839 2739 est.
861 2680 1097 2740 MONACHUS:

55 2768 158 2829 Tanta
178 2775 223 2827 est
243 2770 333 2826 virtus
355 2770 537 2841 contritionis,
558 2773 591 2825 ut
611 2768 722 2826 nullum
744 2771 769 2827 ei
792 2768 905 2826 obstare
927 2771 1018 2843 possit
1027 2785 1098 2843 pcc-

55 2862 172 2927 eatum,
193 2872 250 2913 non
272 2857 409 2930 periuria,
430 2871 489 2914 non
509 2853 670 2928 homicidia,
691 2873 749 2913 non
770 2852 889 2933 furta²),
918 2871 971 2919 nec
993 2872 1098 2913 usrrrae

54 2942 186 3020 quidem.

397 3132 629 3193 oAPrrULUM
650 3132 771 3191 XXXI.

52 3256 104 3317 Dc
127 3259 314 3314 contentione
334 3262 507 3313 sanctornm
528 3256 703 3330 angelorum
735 3273 803 3313 cnm
831 3255 1022 3315 dacorooibus
1038 3274 1098 3330 pso

291 3345 395 3400 aalma
416 3342 571 3401 cuiusdam
592 3345 726 3401 usurarii
747 3344 874 3401 contriti.

123 3460 236 3522 Retulit
257 3462 326 3521 milri
354 3480 442 3522 senex
471 3463 588 3538 quidam
615 3463 751 3524 sacerdos
783 3471 812 3523 et
840 3463 997 3524 monachus
1025 3464 1099 3540 nigri

72 3649 108 3719 1)
126 3646 149 3700 Ρ
166 3655 281 3701 motae.
299 3677 333 3688 -
351 3648 383 3717 2)
400 3649 466 3700 coni.
485 3648 535 3713 Vl,
552 3648 576 3699 2.
594 3649 646 3710 IX,
664 3650 706 3703 51.
726 3679 757 3689 -
784 3649 817 3718 3)
835 3657 866 3701 et
890 3666 930 3701 orn
948 3648 997 3701 BG.
1016 3679 1048 3687 -
1067 3648 1099 3716 4)

127 3716 363 3771 Peliundltnr.
381 3748 415 3758 -
442 3720 473 3786 5)
492 3721 523 3769 in
551 3733 591 3770 orn
609 3719 657 3771 Bc.
678 3750 708 3759 -
737 3720 768 3788 6)
786 3719 923 3787 amplius
951 3734 992 3770 orrr
1019 3717 1046 3769 P.
1065 3746 1096 3756 —

129 3786 165 3855 7)
181 3785 204 3841 0
219 3802 280 3841 nun
297 3787 397 3853 iuria,
418 3804 480 3840 nou
497 3787 682 3840 homicidia.
