2438 4170
412 239 466 327 pn
489 238 774 301 convenarum.
1069 242 1107 300 15

73 363 241 422 coniunctus
282 362 409 421 coetibus
452 368 615 421 sanctomm
631 359 648 442 ¹)
684 362 859 439 angelorum.
920 361 1065 421 Walterus
1085 360 1108 442 ²)

74 451 261 524 compatriota
284 451 358 523 eius,
382 452 429 525 qui
451 449 535 524 haec,
557 466 631 524 quae
653 446 758 528 dicta³)
782 455 864 523 sunt,
887 448 1001 508 domino
1024 448 1107 508 Hen-

72 538 132 595 rico
155 535 263 595 Abbati
283 541 381 595 nostro
403 539 547 611 recitavit,
576 542 605 594 et
625 538 687 611 ipse
708 537 791 611 milri,
822 553 888 595 cum
910 540 1026 612 cuperet
1048 535 1107 595 dis-

72 622 148 683 solri
170 629 198 681 et
219 640 282 682 esse
305 641 370 681 cum
382 623 493 682 Christo
501 620 532 702 ⁴),
555 622 717 698 diceretque
740 623 865 698 quotidie
886 625 916 680 in
939 619 1107 702 oratione⁵):

73 708 197 785 Quando
218 712 333 768 veniam
355 716 383 768 ct
404 712 550 786 apparebo
572 716 638 769 ante
659 711 761 769 faciem
782 710 839 768 Dei
847 706 889 789 ⁶)?
921 718 979 769 vox
1000 710 1040 768 illi
1062 710 1108 768 di-

72 798 142 855 vina
163 797 320 872 respondit:
352 797 464 873 Regem
492 800 522 855 in
551 796 653 856 decore
680 814 732 855 suo
759 797 898 856 videbunt
931 798 1007 856 oculi
1027 799 1068 855 tui
1077 794 1108 876 ⁷).
1134 836 1136 840 -

73 883 130 958 Qui
154 901 219 942 oum
239 890 409 959 moreretur,
441 884 524 943 stelle
545 884 640 943 lucida
662 885 707 943 die
730 884 807 943 clara
828 902 913 960 super
933 885 1030 943 locum
1050 886 1107 942 mi-

71 972 209 1046 grationis
230 973 291 1030 eius
312 972 452 1046 appamlt,
473 975 513 1029 ita
534 977 567 1029 ut
587 974 617 1030 in
638 972 700 1030 tota
720 971 768 1030 illa
788 974 936 1047 provincia
954 971 1106 1029 videretur.

70 1055 276 1117 NOVIOIUS:
305 1057 380 1118 Satis
403 1058 535 1116 credibile
558 1065 616 1133 est,
649 1058 726 1134 quod
747 1060 819 1117 visio
841 1058 940 1117 stellae
961 1059 1036 1116 illius
1057 1075 1106 1117 ra-

72 1143 179 1203 diantis
196 1147 326 1203 meritum
337 1145 528 1220 designaverit
538 1149 651 1204 animae
665 1145 842 1222 egredientis,
870 1144 1106 1205 MONACHUS:

70 1230 164 1290 Recte
184 1235 316 1291 moveris.
358 1232 424 1291 Hoc
446 1239 542 1291 autem
563 1235 644 1308 scias,
667 1233 745 1307 quod
767 1235 908 1291 rarissime
930 1234 1067 1308 contingit
1075 1229 1118 1311 ⁸)r,

69 1323 104 1376 ut
124 1318 187 1377 sole
208 1322 360 1378 exsistente
385 1322 416 1377 in
444 1321 579 1395 superiori
600 1320 809 1395 hemisphaerio
832 1319 915 1378 stella
942 1319 1038 1394 aliqua
1059 1321 1106 1378 vi·
1186 1349 1191 1353 ·

70 1403 182 1464 desan.
225 1406 310 1482 Quod
332 1424 399 1465 vero
422 1424 507 1481 super
528 1409 694 1488 morientem
717 1408 800 1466 stelle
820 1410 884 1466 risa
905 1413 963 1481 cst,
992 1409 1106 1482 signum

69 1492 136 1566 luit,
166 1493 243 1568 quod
270 1493 319 1551 illa
348 1488 475 1573 sancta⁹)
498 1496 593 1552 anima
619 1496 649 1552 in
677 1512 783 1570 magna
810 1497 948 1553 virtutum
979 1492 1106 1552 claritate

71 1578 185 1639 Christo
207 1579 259 1639 soli
279 1583 402 1640 iustitiae
422 1578 451 1660 ¹⁰)
467 1584 618 1639 coniuncta
632 1588 683 1640 est.
715 1579 918 1640 NOVICIUS:
939 1580 1005 1638 Non
1019 1582 1106 1639 miror

69 1669 94 1726 si
115 1667 199 1726 Deus
220 1685 269 1726 eos
292 1685 364 1742 quos
386 1674 445 1727 tam
467 1667 613 1727 evidenter
633 1668 672 1727 ad
694 1670 908 1727 conversionem
929 1674 1024 1742 vocat,
1045 1673 1105 1726 tam

70 1753 242 1814 excellenter
272 1757 303 1812 in
331 1762 421 1814 morte
447 1755 596 1832 glorificat.
652 1753 888 1814 MONAOHUS:
917 1753 1022 1812 Dicam
1053 1754 1105 1812 tibi

70 1840 166 1901 adhuc
187 1843 401 1901 conversionem
422 1845 506 1901 unius
528 1842 668 1916 monachi,
689 1844 719 1900 iu
742 1848 799 1917 q'ua
819 1841 995 1917 perpendere
1018 1847 1105 1916 pote·

69 1930 123 2003 ris,
147 1931 213 2004 quia
233 1928 295 1988 sola
315 1930 355 1989 ibi
371 1927 399 2009 ¹¹)
423 1935 540 2005 operata
561 1932 599 1988 sit
619 1933 741 2005 vocatio,
763 1931 824 1989 sive
846 1930 992 2004 inspiratio
1014 1927 1104 2003 Spiri-

69 2022 117 2075 tus
139 2017 238 2075 sancti.
629 2046 639 2083 t

430 2205 661 2268 CAPITULUM
682 2207 749 2266 VH.

92 2347 141 2406 Dc
163 2344 299 2407 Geoordo
316 2345 439 2420 Abbatc,
462 2367 548 2423 parem
570 2349 706 2406 dominus
726 2345 920 2406 Everbordos
935 2344 1083 2421 plebanus

181 2439 274 2494 saneti
295 2434 404 2495 Jacobt
424 2439 456 2493 tn
479 2434 602 2494 Colonia
624 2442 693 2493 aab
714 2437 932 2494 conversionem
952 2437 985 2493 io

477 2523 593 2582 oucrdlo
614 2522 696 2581 cidit.

134 2658 170 2718 In
203 2660 322 2719 ccclesia
350 2666 466 2718 sanctae
494 2659 604 2719 Mariae
632 2660 670 2720 ad
693 2658 806 2719 Gradus
839 2659 867 2717 ln
897 2657 1015 2718 Colonia
1043 2664 1104 2718 erat

70 2746 188 2822 quidam
209 2749 361 2806 canonicus
382 2749 496 2806 nominc
519 2747 683 2822 Gevardus,
705 2753 799 2806 aetate
821 2746 916 2806 adhuc
937 2746 1052 2805 floridus
1075 2752 1104 2806 et

69 2833 169 2892 mundi
190 2834 363 2893 raritatibus
385 2837 452 2893 satis
476 2834 595 2893 deditus.
638 2834 673 2892 ln
696 2833 820 2909 quadam
831 2832 1020 2892 sollemnitate
1037 2851 1103 2894 cum

68 2923 154 2980 statio
178 2928 251 2980 essct
272 2921 310 2980 ad
333 2921 453 2980 candem
486 2922 635 2980 ecclesiam
665 2921 822 2980 secundum
852 2920 1103 2996 consuetudinem,

69 3008 150 3066 affrrit
171 3014 201 3067 et
221 3008 545 3067 dominusEverhardus
565 3007 770 3075 sanctiJacobi
784 3008 932 3084 plebanus,
954 3010 998 3066 vir
1010 3011 1103 3067 iustus

68 3102 156 3170 atque
178 3094 339 3170 religiosus,
373 3102 402 3154 ct
429 3104 544 3172 propter
572 3113 654 3154 suam
683 3099 863 3154 sanctitatem
896 3097 973 3154 omni
995 3097 1103 3154 civitati

68 3181 249 3241 reverendus.
294 3182 350 3258 Qui
372 3200 437 3241 cum
458 3186 585 3241 venisset
606 3196 672 3241 ante
694 3186 798 3241 ostium
820 3182 898 3240 chori
921 3184 1102 3257 etintrospe·

68 3270 164 3342 xisset,
187 3270 393 3344 contemplatus
416 3276 458 3328 est
480 3270 603 3329 eundem
621 3269 788 3328 Geuardum
808 3272 837 3327 in
858 3275 975 3327 tonsura
997 3274 1026 3327 ct
1046 3269 1102 3328 ha·

69 3356 131 3414 bitu
144 3356 275 3415 monachi
292 3354 320 3436 ¹²)
344 3356 535 3416 Cistereiensis
556 3359 629 3416 inter
652 3359 858 3416 concanonicos
879 3373 948 3416 suos
969 3361 1101 3432 stantem;

88 3540 119 3608 l)
137 3549 323 3593 sanctornm
341 3558 381 3594 om
400 3541 427 3594 G.
447 3573 476 3582 -
506 3541 641 3610 2)Gadd
660 3559 743 3594 vero.
765 3570 795 3581 -—
824 3541 893 3608 3)c
915 3543 1048 3608 scripta.
1069 3573 1099 3582 -

141 3611 344 3679 -t)Phi1ipp.
364 3613 388 3674 1,
405 3613 447 3664 23.
467 3642 497 3652 ·-
519 3611 811 3677 spectationibus
830 3613 907 3663 suis.
927 3641 958 3650 -
986 3613 1018 3679 6)
1037 3612 1101 3662 Psal.

139 3678 232 3744 41‚3.
250 3712 280 3721 -
308 3682 413 3750 VJlsai.
437 3684 488 3755 33„
516 3683 556 3733 17.
576 3712 607 3722 -
635 3683 667 3750 8)
686 3682 727 3735 BC
752 3683 932 3749 contingat.
953 3711 984 3722 -·
1011 3681 1043 3749 9)
1060 3681 1101 3733 ΒΡ

140 3759 250 3802 saneta
267 3751 339 3816 illa3
356 3752 432 3818 paulo
449 3752 540 3820 postG
556 3753 704 3804 virtutis.
723 3781 754 3792 —
768 3752 816 3820 ld)
834 3751 938 3802 Malach.
955 3751 1030 3815 4323
1042 3751 1106 3803 uide

141 3819 322 3888 otlnbnvll,
344 3823 387 3874 20.
407 3850 438 3862 -
467 3821 732 3894 montoranto.
752 3855 783 3866 -
812 3822 1068 3896 i‘llllorbinis.
