2460 4162
414 229 470 291 DE
492 229 768 293 comestorem
1050 234 1109 292 117

57 350 59 431 ζ
106 348 174 426 latur,
190 350 240 412 aad
261 351 361 412 asela
374 352 471 429 puella
485 353 644 413 videbatur.
688 354 816 429 Eratque
829 353 1112 429 tamnaquamidem

104 439 200 515 uidua
218 445 252 498 ut
271 443 465 515 praesentium
486 448 608 515 peccata
629 441 783 518 detegeret,
805 443 921 500 crimina
933 443 1113 517 impropera·

106 528 149 601 ret,
164 544 211 587 nec
232 526 350 603 aliquod
371 535 523 602 peccatum
545 546 611 587 eum
632 528 747 603 lateret,
775 530 829 586 nisi
850 528 927 603 quod
949 545 1018 588 vera
1039 546 1112 588 con-

105 608 167 672 iusto
184 621 300 691 tegeret.
345 612 477 674 Ostendit
498 621 527 673 et
547 615 604 674 alia
625 618 707 692 signa
733 617 878 690 nequitiae
909 632 986 674 suae.
1030 615 1112 675 Ster-

106 712 160 773 tore,
176 701 303 777 ollasque
326 702 484 761 contractas
505 701 573 761 fimo
595 701 703 777 plenae,
724 720 810 778 super
831 702 1006 761 confluentes
1029 719 1113 778 spar-
1193 778 1196 783 .

105 785 175 859 astat
213 787 358 847 Dixeruut
386 793 412 847 ei
441 789 572 864 quidam:
608 788 705 863 Nosti,
734 789 901 863 odiabole,
930 788 1112 849 Dominioam

105 874 253 935 urionem?
296 875 501 951 Respondente
522 876 585 951 illo,
606 878 713 951 optime
735 878 809 950 scio,
831 883 948 952 rogatus
971 882 1015 934 cst
1034 876 1112 934 illam

106 954 181 1020 deero.
219 962 258 1021 Et
280 964 335 1021 ait:
357 964 443 1022 Pater
463 970 569 1038 noster,
592 965 641 1037 qui
662 980 692 1021 es
713 965 743 1020 in
766 963 890 1037 coelum,
907 969 1112 1037 nomentum,

106 1040 143 1103 m
156 1048 281 1108 voluntas
304 1055 334 1107 et
353 1052 383 1108 in
404 1056 488 1126 terra,
509 1067 613 1126 panem
634 1057 763 1108 nostrum
785 1051 963 1125 quotidianas
982 1050 1112 1109 danobis

106 1128 174 1211 lide,
193 1136 244 1195 sed
264 1135 356 1195 libera
377 1154 429 1196 nos
452 1155 470 1196 a
491 1137 577 1196 malo.
619 1136 658 1194 Et
680 1154 745 1195 oum
766 1138 861 1212 plures
880 1139 911 1195 in
933 1136 1112 1196 eademora-

107 1216 161 1279 itte
177 1223 289 1282 lecisset
301 1220 318 1301 ¹)
341 1224 430 1282 saltus
461 1230 548 1299 atque
576 1225 785 1298 barbarismos,
814 1223 1011 1283 cachinnando
1041 1224 1113 1282 sub-

107 1302 183 1367 lmitr
222 1310 301 1370 Ecce
322 1313 363 1369 sic
384 1328 437 1370 vos
458 1310 523 1370 laici
552 1311 645 1370 dicere
673 1311 771 1369 soletis
801 1313 958 1370 orationem
977 1317 1112 1369 vestram.

107 1388 241 1469 laudus
263 1400 351 1456 etiam
373 1398 408 1457 de
431 1399 577 1475 symbolo,
607 1398 677 1456 dixit
697 1415 728 1456 se
750 1399 824 1457 bene
847 1404 876 1456 et
897 1401 1002 1473 optime
1025 1399 1112 1472 scire,

106 1478 136 1537 dt
150 1482 293 1560 incipieus:
327 1485 418 1544 Credo
440 1484 537 1544 Deum
558 1486 674 1543 Patrem
696 1488 927 1560 omnipotentem.
973 1484 1113 1542 (inicum

106 1564 194 1639 illlum
215 1571 355 1631 dicerent:
376 1571 480 1632 Dicere
502 1572 599 1646 debes,
622 1570 714 1630 Credo
736 1575 765 1628 in
786 1573 897 1647 Deum,
919 1571 1023 1661 illeque
1041 1572 1113 1630 sub·

105 1648 219 1729 haeret:
241 1657 335 1717 Credo
356 1659 435 1734 Deo;
457 1661 511 1717 viri
531 1659 653 1733 literati,
676 1661 724 1733 qui
746 1664 814 1717 tunc
836 1664 917 1716 eraut
936 1664 1113 1733 praesentes,
1142 1666 1147 1670 '

105 1734 186 1803 mur
203 1746 326 1804 verbum
345 1752 487 1820 notantes,
510 1752 539 1805 et
558 1749 618 1803 vim
640 1748 796 1804 accusativi
813 1745 1009 1821 intelligentes,
1030 1747 1113 1802 iusti-

104 1828 176 1888 ἱππί
192 1836 225 1891 ut
245 1831 362 1906 diceret,
384 1831 476 1891 Credo
498 1835 527 1890 in
548 1832 654 1891 Deum.
697 1832 734 1889 Et
755 1848 813 1890 non
835 1839 966 1907 poterant
986 1831 1112 1895 eumad

104 1904 145 1971 ΜΕ
165 1918 302 1978 inducere.
355 1918 558 1979 NOVIOEUS:
585 1919 698 1977 Vellem
726 1925 754 1977 et
783 1935 835 1995 ego
865 1923 951 1993 scire,
982 1918 1050 1994 quid
1077 1920 1113 1977 ait

105 1994 200 2065 findere
219 2008 250 2064 in
271 2005 376 2064 Deum.
418 2005 653 2065 MONACHUS:
677 2005 798 2064 Credere
819 2008 848 2063 in
864 2005 975 2080 Deum,
998 2012 1042 2064 est
1061 2022 1114 2080 per

60 2118 64 2123 ·
104 2078 256 2152 domnam
277 2095 320 2151 ire
339 2096 369 2150 in
390 2092 495 2152 Deum.
531 2092 614 2153 Unde
636 2093 769 2152 Salvator
789 2095 843 2151 ait:
867 2093 970 2152 Omnia
992 2096 1044 2168 qui
1065 2096 1112 2150 vi-

104 2172 147 2243 ”lh
168 2186 193 2238 a
218 2180 311 2239 credit
337 2183 370 2237 in
395 2198 457 2253 rna,
490 2180 577 2239 habat
603 2184 696 2238 vitam
725 2188 878 2238 aetermam
888 2176 922 2252 ²).
965 2180 1113 2252 Daemon,

104 2256 159 2319 dont
182 2264 250 2326 dicit
270 2266 428 2341 Apostolus
449 2266 594 2341 Jacobus,
625 2267 712 2325 credit
740 2274 769 2326 et
798 2269 988 2325 contremiscit
996 2263 1032 2346 ³),
1061 2266 1113 2324 sed

104 2354 147 2403 lit
161 2350 254 2431 diligit
299 2353 396 2412 Credit
415 2354 513 2412 Deum
535 2371 616 2428 csse,
640 2354 728 2412 eredit
749 2355 839 2412 verba
861 2357 921 2412 eius
943 2370 1013 2412 vera
1035 2370 1114 2428 csse,

103 2428 142 2487 Μ
156 2452 208 2499 oon
229 2439 320 2499 credit
339 2443 369 2498 in
391 2458 466 2514 eum,
488 2443 555 2516 quia
576 2458 634 2499 non
656 2441 748 2516 diligit
769 2437 874 2519 eum⁴).
906 2439 1114 2500 Salutationem

102 2526 153 2575 ’Μ
169 2529 327 2604 angelicam
347 2527 424 2586 idem
446 2527 569 2586 daemon
591 2531 713 2602 incipere
734 2544 792 2587 non
813 2529 914 2602 potuit,
936 2544 1001 2586 cum
1017 2533 1114 2585 tamon

100 2608 125 2655 ’θ
138 2604 207 2673 ⁸llum
228 2616 302 2673 scire
324 2615 511 2689 profiteretur.
553 2613 756 2674 NOVICIUS:
780 2614 853 2672 Cum
876 2614 985 2690 dignior
998 2615 1114 2672 sitora·

97 2682 127 2741 ¹¹⁰
148 2692 301 2761 doninica
328 2702 498 2760 salutatione
525 2701 669 2778 angelica,
702 2704 788 2759 miror
817 2718 867 2759 cur
894 2703 1048 2775 permissus
1079 2703 1114 2758 sit

93 2762 171 2845 &aa
190 2788 279 2862 rrum,
301 2794 341 2871 a¹
357 2805 415 2846 non
437 2791 529 2847 nam.
572 2787 807 2847 monsontio:
840 2788 940 2847 vorm
970 2785 1026 2846 hoc
1054 2786 1115 2845 aaa

153 2872 227 2949 inus,
248 2880 311 2933 tum
331 2882 448 2951 propter
468 2873 606 2934 honorem
628 2878 744 2949 matris,
767 2882 828 2963 tum
849 2881 964 2950 propter
986 2875 1115 2933 eminen-

98 3016 217 3094 1)Βίη
243 3040 355 3093 eadam
382 3041 520 3095 iecisset
546 3045 715 3106 oratione,
742 3042 917 3094 Clecisaet
944 3043 976 3093 in
1003 3039 1114 3092 eadem

143 3113 308 3164 oratione.
327 3142 357 3153 -
377 3112 409 3180 2)
426 3112 515 3164 iehan.
536 3115 578 3177 ii,
596 3115 637 3164 26.
659 3143 688 3153 -
709 3114 741 3180 3)
758 3112 809 3164 Jac.
829 3113 855 3176 2,
874 3110 1115 3178 19.-t)itomi1.

143 3173 176 3233 ΙΙ.
195 3198 222 3249 p.
242 3180 305 3233 1092
332 3198 429 3249 „usque
456 3182 531 3234 hodic
558 3199 669 3249 perora
688 3182 885 3249 praedicatorum
904 3182 935 3232 dc
953 3189 1057 3248 peccato
1076 3184 1116 3231 irr-

145 3250 303 3303 ecedulitatla
329 3254 443 3319 arguitur
473 3251 588 3304 muudus.
624 3252 656 3304 Ut
680 3255 746 3303 euim
773 3262 870 3303 taceam
898 3251 930 3302 de
957 3250 1117 3312 infidelibus,

146 3330 198 3373 oon
226 3335 314 3372 omncs
340 3320 488 3385 Christiani,
511 3325 561 3373 imo
579 3331 696 3389 respectu
714 3321 893 3385 mrrltitudinis,
920 3322 993 3387 pauci
1011 3319 1116 3371 credunt

147 3387 173 3443 ia
200 3388 337 3443 Christum.
381 3390 493 3443 Credunt
510 3391 634 3444 Christum
653 3408 710 3442 ease
727 3392 804 3443 filium
824 3393 886 3453 Dei,
909 3400 993 3441 natum
1012 3389 1044 3440 de
1062 3391 1117 3442 vir·

150 3463 756 3584 ⁸¹alimento'thitidt‘llti‘
775 3459 1116 3600 ‘itttiltlil'ttll

152 3605 188 3651 tea
205 3616 264 3651 ease
281 3615 342 3651 vera
361 3617 525 3669 quaecunque
543 3600 622 3657 dixit,
648 3604 700 3669 egit
719 3600 758 3651 vel
777 3603 904 3666 promisit3
929 3600 1040 3651 sednon
1060 3615 1117 3650 crc-

152 3667 212 3721 tlnnt
228 3671 254 3721 iu
272 3669 406 3722 Christum.
441 3670 550 3723 Credere
569 3673 593 3721 in
611 3671 752 3733 Christum,
778 3681 817 3721 est
840 3669 890 3723 hdo
914 3679 941 3720 et
959 3671 1062 3720 caritate
1081 3671 1116 3718 ire

152 3738 201 3789 tut
250 3756 284 3790 m.
320 3739 375 3792 Non
394 3743 437 3809 qui
454 3740 535 3792 credit
551 3740 691 3804 Christum,
715 3740 756 3792 vel
774 3740 890 3805 Christo,
914 3738 958 3790 sed
977 3740 1019 3806 qui
1038 3737 1116 3788 credit

152 3808 176 3859 hr
230 3810 327 3874 rictum,
344 3809 420 3861 habat
437 3812 514 3863 vitam
532 3816 684 3862 aeteruum⁴⁴
745 3842 752 3859 .
