2460 4162
96 246 158 305 rra
394 243 624 305 nrsrmcrro
641 243 806 322 Qunam
827 316 831 321 .

56 377 61 383 “
94 367 148 426 fuit
166 365 246 426 illum
265 367 453 443 interrogare:
481 367 528 425 Τιι
549 370 613 443 quis
634 384 679 442 es,
706 366 755 428 vel
780 384 837 443 quo
858 383 907 427 me
927 365 1036 427 ducis‘?
1077 366 1131 427 Iu·

95 456 199 531 gressis
228 456 268 512 eis
297 456 481 527 cimiterium,
514 456 611 512 statim
642 460 742 529 aperta
769 460 836 513 suut
856 454 1012 529 sepulchra
1032 457 1148 515 omnia·

94 547 279 614 mortuorum,
307 547 414 599 etcum
435 557 605 600 conversum
626 540 753 600 dumsset
766 538 810 605 ad
832 540 977 599 hominem
997 546 1131 601 recenter

96 626 248 703 sepultum,
269 627 383 686 dicebat
402 627 457 685 illi:
478 626 568 686 Vides
589 627 666 686 hunc
686 626 853 686 hominem?
888 626 952 686 Cito
973 627 1042 686 talis
1063 630 1129 687 aria

97 714 161 790 Quo
191 716 323 790 argoris
351 713 414 772 irc?
457 713 550 789 Quem
571 731 637 772 cum
657 714 752 772 adhuc
774 713 878 773 ducere
900 714 988 773 vellet
1008 713 1049 773 ad
1069 714 1130 774 alia

97 817 218 875 corpora
236 800 351 876 putrida
377 800 555 874 multumque
581 799 731 874 foetentia,
753 802 847 875 coepit
867 817 1024 860 conversus
1044 802 1129 860 reniti

98 894 127 947 et
147 886 286 946 clamare:
307 887 398 945 Parce
419 887 497 961 mihi,
519 887 640 961 domine,
660 904 755 962 parce,
776 890 928 946 nonenim
944 887 994 945 illa
1006 903 1128 962 possum

97 974 203 1032 videre.
245 973 403 1049 Respondit
425 973 538 1032 ductor:
560 972 669 1032 Sinon
690 979 772 1049 potes
793 973 850 1032 hoc
867 973 945 1049 quod
967 975 1025 1032 cito
1046 973 1129 1032 futu-

97 1078 145 1119 rus
163 1077 193 1119 es
208 1060 313 1134 videre,
334 1059 446 1134 utquid
459 1066 574 1135 propter
594 1060 737 1119 modicam
750 1060 914 1136 superbiam
922 1062 968 1118 vis
982 1059 1020 1119 de
1040 1066 1128 1136 portu

98 1146 198 1206 salutis
219 1144 372 1207 recedere?
415 1146 446 1206 Si
469 1163 535 1222 ergo
557 1148 610 1220 vis,
631 1153 663 1204 ut
683 1164 803 1221 parcam
822 1146 882 1220 tibi,
902 1146 1129 1222 promittemihi,

98 1232 176 1308 quod
197 1250 254 1292 non
275 1233 393 1292 recedas
414 1233 451 1291 ab
474 1232 530 1291 hoc
550 1231 624 1291 loco.
665 1233 704 1290 Et
716 1234 845 1308 promisit
865 1235 900 1292 oi.
943 1232 1039 1309 Quem
1059 1249 1128 1292 cum

97 1319 258 1394 reduceret,
280 1337 348 1378 mox
369 1318 466 1378 clausa
487 1325 554 1377 sunt
581 1319 747 1394 sepulchra,
769 1318 866 1378 clausa
893 1326 961 1377 sunt
987 1324 1056 1394 post
1076 1334 1128 1379 eos

99 1408 172 1465 ostia
191 1407 310 1482 singrda.
341 1405 379 1462 Et
400 1423 466 1464 cum
486 1408 619 1464 transiret
638 1413 705 1466 ante
726 1406 815 1465 altare
828 1422 1049 1482 conversorum,
1067 1405 1128 1465 ibi·

98 1509 155 1568 que
168 1493 323 1567 inclinaret,
336 1491 429 1551 denuo
445 1492 480 1551 de
492 1492 548 1551 hoc
562 1509 628 1550 cum
642 1492 860 1566 commendavit,
880 1493 950 1552 satis
971 1490 1127 1551 osteudens

99 1579 176 1654 quod
187 1579 254 1639 Deo
263 1579 389 1653 placeret
396 1579 540 1638 inclinatio
553 1579 702 1653 profunda.
720 1579 860 1656 Ingressis
870 1581 912 1643 cis
921 1577 1128 1653 dormitorium,

98 1669 194 1725 statim
208 1672 275 1742 post
286 1683 336 1726 eos
355 1665 482 1725 clausum
500 1672 544 1724 cst
557 1667 669 1724 ostium.
697 1664 768 1725 Mox
788 1681 856 1725 vcro
869 1671 902 1723 ut
920 1681 1077 1725 convorsus
1096 1666 1129 1725 in

97 1770 183 1812 suum
202 1753 309 1813 lectum
330 1770 361 1812 se
382 1753 541 1827 cecinerit,
569 1769 692 1827 persona
713 1751 842 1810 ducentis
863 1751 1015 1826 disparuit,
1037 1757 1068 1812 ct
1086 1750 1127 1811 ab

97 1840 147 1900 illa
167 1841 238 1899 hora
259 1842 377 1899 tentatio
394 1842 521 1898 immissa
542 1842 672 1898 cessavit
714 1837 915 1898 NOVICIUS:
936 1837 1012 1896 Puto
1034 1854 1151 1917 ango·⁸

97 1926 158 1985 lum
177 1926 295 1986 Domini
314 1927 400 1985 fuisse
421 1943 573 2001 personam
593 1924 681 1998 illam,
702 1941 776 2000 quae
792 1921 809 2005 ¹)
832 1941 1001 1983 conversum
1022 1940 1128 2001 supar-

96 2014 222 2072 bientem
243 2020 303 2071 tam
323 2012 465 2071 horrenda
484 2014 593 2070 visione
615 2011 751 2085 erudiret,
774 2018 803 2069 et
823 2011 860 2069 ad
881 2016 988 2069 statum
1008 2010 1129 2069 humili·

97 2102 163 2159 tatis
184 2099 340 2158 reduceret.
381 2097 615 2157 MONACHUS:
637 2099 717 2156 Bene
731 2100 827 2156 scutis.
869 2097 964 2156 Tanta
984 2099 1062 2156 euim
1083 2103 1130 2157 est

97 2185 248 2245 clementia
268 2184 463 2259 Redemtoris,
490 2190 523 2242 ut
549 2184 616 2242 licet
641 2186 716 2242 sinat
754 2201 823 2242 suos
851 2182 1003 2259 aliquando
1025 2200 1129 2244 servos

97 2273 232 2349 gravibus
254 2271 457 2330 tentationibus
477 2270 599 2346 pulsari,
626 2288 685 2329 non
713 2276 809 2329 tamen
838 2270 954 2329 eosdem
974 2272 1129 2346 permittit,

97 2360 300 2418 tentationibus
330 2357 472 2431 cedendo,
500 2357 631 2415 mercede
659 2374 777 2415 suorum
803 2356 935 2416 laborum
945 2353 966 2436 ²)
992 2356 1130 2416 fraudari.

97 2444 299 2505 NOVICIUS:
322 2445 421 2503 diuiso
444 2440 560 2522 enim³),
582 2443 660 2518 quod
681 2460 766 2519 saepe
788 2445 878 2502 inanis
899 2442 990 2519 gloria
1010 2443 1130 2520 religio·

97 2550 192 2591 sorum
214 2535 315 2607 merita
335 2530 480 2605 impediat.
522 2528 758 2592 MONAOHUSz
786 2531 872 2589 Vana
892 2528 984 2605 gloria
1010 2532 1130 2589 virtuti·

97 2620 152 2680 bus
173 2623 257 2679 nimis
280 2625 323 2679 est
343 2620 513 2694 importuna,
536 2623 564 2676 et
586 2616 621 2676 de
643 2619 794 2675 sanctitate
805 2613 827 2696 4)
849 2618 983 2675 nascitur.

444 2806 675 2867 oarrrrmmr
698 2802 776 2886 vr)

133 2935 181 2992 Dc
203 2939 283 2992 costo
304 2932 458 3005 monoobo,
481 2947 567 3005 quem
589 2928 724 2987 diodolus
746 2928 820 2988 dicit
840 2947 870 2986 ae
890 2945 953 2986 non
974 2930 1085 3000 timere,

412 3034 445 3075 eo
468 3015 550 3092 qood
569 3021 640 3074 essct
660 3013 810 3090 superbus.

161 3154 318 3218 Obsessum
346 3154 490 3230 quendam
522 3155 606 3212 amici
634 3154 678 3212 sui
709 3153 746 3212 ad
779 3151 925 3229 quoddam
957 3150 1131 3211 coenobium

98 3243 201 3305 ordinis
223 3245 310 3302 nostri
342 3259 393 3317 spe
414 3241 587 3300 liberationis
609 3245 762 3298 traxerunt.
805 3237 853 3297 Ad
881 3255 967 3313 quern
996 3254 1131 3313 egressus

95 3332 185 3405 Prior,
213 3335 339 3388 assumto
352 3346 449 3387 secum
471 3326 611 3387 monacho
633 3343 755 3402 magnac
777 3328 915 3401 opinionis
937 3323 1131 3398 adolescente,

96 3435 182 3494 quem
203 3424 322 3474 noverat
342 3417 480 3491 virginem
503 3430 629 3489 corpore,
650 3415 691 3471 ait
713 3413 859 3471 daemoni:
898 3411 930 3471 Si
949 3412 1131 3486 praeceperit

96 3506 147 3564 tibi
179 3502 336 3561 monachus
357 3504 419 3575 iste,
441 3509 473 3559 ut
487 3517 580 3574 exeas,
603 3499 745 3574 quomodo
767 3499 886 3558 audebis
899 3495 1036 3556 manere?
1066 3496 1130 3556 Rc·

97 3589 212 3669 spondit
233 3588 367 3648 daemon:
389 3588 454 3647 Non
477 3605 543 3647 euni
560 3589 661 3663 timeo;
682 3586 822 3662 superbus
844 3591 888 3644 est
909 3586 983 3644 enim
996 3580 1026 3664 ⁵).
1055 3580 1129 3642 NO-

115 3743 145 3812 1)
163 3740 203 3794 BP
216 3741 276 3808 qui.
289 3739 363 3806 -2J
376 3737 417 3793 BC
434 3738 578 3791 taborum
602 3751 738 3788 snorum.
757 3765 789 3773 —
804 3735 929 3803 3)enim
952 3749 994 3785 om
1011 3731 1127 3785 scir.-

163 3806 704 3882 4)bsuparhra.-r)110mr1.1.p.
724 3804 781 3858 139.
801 3832 832 3845 -
857 3805 889 3874 5)
905 3803 948 3857 ΒΟ
964 3804 1048 3856 euim
1067 3809 1127 3854 ost.
