2460 4162
428 246 483 308 DE
504 191 766 308 TENTATIONE.
1055 244 1116 303 233

418 437 651 503 CAPITULUM
678 436 789 496 LXIV.

122 563 203 640 Qecs‘d
222 562 386 639 Episcopus
406 562 561 636 Philippus
583 560 698 634 dicem,
720 577 787 617 cum
809 558 929 617 doraum
950 563 1084 616 nostrum

249 670 255 689 ¹
511 652 700 705 construeret.

151 766 387 829 MONAOHUS:
411 766 484 826 Cum
499 763 515 847 ι)
537 773 694 826 conventus
708 772 804 837 noster
824 782 843 824 a
860 763 974 823 domino
985 762 1119 838 Philippo

83 855 313 932 Archiepiscopo
342 872 428 931 super
455 860 581 913 montem
612 853 778 928 Stromberg
806 857 971 925 vocaretur,
1004 850 1120 925 quidam

83 942 217 1002 homines
237 942 427 1018 provinciales
449 939 602 1013 heredibus
624 942 682 998 suis
703 941 835 997 timentes
847 934 883 1018 ²),
913 936 993 996 illum
1014 953 1120 1012 argue-

85 1035 164 1088 runt
207 1028 318 1105 Quibus
333 1030 394 1103 ipse
409 1027 554 1102 respondit
567 1026 688 1086 verbum
702 1026 819 1101 bonum,
839 1025 960 1083 verbum
974 1029 1119 1083 sanctum:

86 1115 216 1190 Utinam,
235 1117 334 1191 inquit,
356 1119 432 1174 essct
447 1116 477 1172 in
492 1113 618 1188 qualibet
638 1112 708 1171 villa
720 1112 868 1170 Dioeeesis
889 1127 972 1170 meae
993 1127 1120 1169 conven-

85 1210 138 1262 tus
158 1203 304 1276 iustorum,
326 1203 374 1276 qui
396 1206 425 1260 et
445 1200 542 1258 Deum
562 1202 664 1276 iugiter
676 1197 848 1272 ‚laudarent,
870 1203 899 1256 et
919 1203 980 1255 tam
1000 1212 1052 1273 pro
1074 1214 1121 1255 me

87 1305 182 1365 quam
201 1305 253 1364 pro
265 1285 286 1366 ⁸)
314 1287 384 1346 mihi
405 1289 564 1346 commissis
586 1291 706 1345 orarent.
748 1285 824 1343 Puto
846 1285 913 1359 quia
933 1289 1001 1343 tunc
1022 1283 1121 1342 melior

86 1374 182 1435 multo
193 1370 216 1454 ⁴)
239 1367 316 1434 esset
337 1379 429 1434 status
450 1373 596 1433 Ecclesiae
618 1389 715 1446 meae,
748 1389 835 1446 quam
862 1369 949 1429 modo
971 1373 1023 1447 sit;
1051 1369 1122 1428 nulli

85 1467 235 1536 nocerent,
256 1478 322 1521 cum
343 1460 439 1520 multis
459 1459 627 1536 prodessent
639 1455 668 1538 ⁵).
710 1456 815 1518 Aliena
834 1474 892 1516 non
913 1458 1034 1532 rapiunt,
1056 1473 1121 1516 cum

85 1565 145 1609 sua
166 1548 298 1608 omnibus
318 1549 524 1623 impartiantur.

430 1678 663 1797 oAPITiiLUM
685 1735 780 1795 LXV.

188 1859 236 1919 Dc
257 1859 396 1935 lorpttote
412 1852 597 1934 pauperibus
617 1857 708 1934 fomis
730 1863 858 1932 tenpore
879 1873 899 1914 a
921 1816 1007 1914 dorso

376 1946 469 2004 Vallis
490 1948 584 2004 sancti
605 1946 690 2003 Petri
712 1943 848 2003 exhibito.

156 2064 200 2125 Eo
220 2071 349 2141 tempore
359 2084 417 2142 quo
435 2065 525 2124 fames
542 2064 592 2125 illa
608 2063 792 2140 validissime,
810 2080 884 2139 quae
898 2079 973 2122 anno
987 2061 1121 2120 Domini-

90 2167 148 2215 ωε
160 2153 362 2212 incarnationis
383 2153 533 2212 millesimo
549 2153 703 2211 centesimo
716 2153 901 2227 nonagesimo
916 2150 1037 2224 septimo
1057 2147 1124 2221 fuit,

87 2235 249 2318 incubuit‘)
272 2245 301 2299 et
317 2238 459 2315 'plurimos
471 2241 612 2313 exstinxit,
634 2238 735 2297 domus
745 2243 852 2311 nostra,
866 2237 939 2295 licet
961 2242 1028 2294 tune
1049 2240 1123 2292 tem-

87 2326 170 2403 poris
181 2340 292 2401 pauper
300 2325 384 2385 luerit
396 2342 431 2385 ae
448 2325 570 2400 novella,
592 2325 687 2383 multis
708 2326 851 2383 subvenit.
892 2322 973 2382 Sicut
995 2321 1125 2379 dixerunt

89 2412 124 2472 ln
139 2414 187 2487 qui
200 2428 352 2471 numerum
365 2415 484 2488 inopum
497 2418 564 2471 ante
577 2418 689 2487 portam
702 2411 960 2485 consideraverint,
972 2406 1125 2483 aliquando

89 2515 153 2559 nna
173 2497 219 2557 die
239 2497 316 2558 mille
328 2501 489 2576 quingentis
512 2498 709 2574 eleemosynae
732 2497 816 2557 datae
837 2493 941 2575 sunffl).
983 2494 1125 2552 Dominus

89 2583 246 2645 (levardus
266 2590 334 2645 tunc
348 2583 451 2644 Abbas
473 2585 590 2662 singulis
609 2585 709 2644 diebus
730 2591 797 2643 ante
817 2599 949 2656 messem,
970 2583 1000 2638 in
1021 2580 1126 2656 quibus

90 2671 227 2732 carnibus
255 2673 304 2731 uti.
324 2667 476 2751 licebat⁰),
496 2672 602 2731 bovem
630 2687 720 2730 unum
746 2673 776 2728 in
797 2670 887 2728 tribus
909 2667 1039 2727 caldariis
1060 2683 1126 2725 cum
1225 2728 1228 2732 ,

88 2757 217 2819 oleribus
252 2759 473 2834 circumquaque
508 2757 634 2817 collectis
663 2759 747 2833 coqui
775 2757 871 2835 iussit,
900 2760 929 2814 et
957 2771 1022 2814 cum
1050 2769 1125 2827 pane

89 2860 148 2922 pot
166 2842 294 2921 singulos
320 2861 461 2921 pauperes
488 2844 590 2904 divisit.
632 2844 730 2903 Simile
757 2843 865 2902 factum
893 2848 938 2901 est
966 2841 1002 2899 de
1023 2840 1126 2899 ovibus

110 2978 146 3048 1)
161 2977 227 3032 Alto
245 2977 324 3030 dum.
342 3007 374 3018 -
393 2979 425 3045 2)
443 2978 532 3030 llonril.
550 2978 579 3030 ll.
598 2994 623 3045 p.
643 2977 689 3031 15:
708 2994 780 3042 „cum
797 2985 936 3029 conventus
953 2983 1040 3026 noster
1049 2988 1126 3025 voca·

162 3056 204 3100 tus
234 3063 250 3099 a
272 3046 373 3101 domino
400 3047 513 3114 Philippo
537 3047 679 3099 Coloniensi
701 3047 897 3114 Archiepiscopo
920 3044 1074 3096 ascendisset
1100 3044 1126 3094 in

162 3125 276 3169 montem
291 3116 451 3186 strumberg,
469 3125 552 3173 tantus
570 3126 652 3168 motus
669 3119 791 3168 excitatus
808 3125 847 3168 est
864 3119 891 3167 in
907 3115 1049 3182 provincia,
1075 3128 1127 3164 non

163 3184 244 3238 solum
261 3200 277 3237 a
295 3186 413 3238 militibus
430 3195 456 3237 ct
473 3188 581 3250 rusticis,
599 3185 643 3238 sed
661 3188 736 3237 ctiam
754 3185 785 3237 ab
803 3187 858 3252 ipso
869 3184 974 3247 Comite,
991 3192 1019 3235 ut
1036 3197 1127 3235 neces-

163 3257 238 3309 sinte
256 3256 379 3323 compulsi
396 3257 485 3308 fratres
503 3255 584 3307 eidem
602 3256 786 3323 promitterent,
803 3254 870 3324 quod
889 3254 956 3305 nulla
970 3253 1127 3319 bonaipslus

163 3325 311 3378 advocatiae
328 3327 459 3377 attinentia
476 3334 563 3376 contra
586 3328 640 3376 eius
658 3325 810 3376 voluntatem
828 3326 1025 3391 compararent.“
1045 3352 1076 3362 -
1095 3322 1127 3389 3]

164 3410 222 3463 pro
240 3409 280 3446 om
300 3395 348 3448 BC.
366 3425 399 3434 -
421 3395 454 3462 4)
472 3394 627 3447 chulto
645 3395 769 3446 melior.
789 3423 820 3433 -
849 3395 880 3461 5)
899 3393 940 3445 BC
956 3400 1075 3444 nocent
1094 3421 1125 3432 —

164 3465 301 3533 prosint.
322 3494 352 3504 —
372 3464 404 3531 6)
420 3463 543 3529 lacunam,
560 3481 624 3533 quse
642 3462 683 3515 hic
699 3466 725 3516 in
743 3462 858 3515 omnibus
875 3462 944 3514 libris
962 3471 1010 3524 est,
1027 3460 1145 3528 explevi.

163 3533 250 3587 addito
266 3533 346 3586 verbo
364 3532 523 3586 incubuit.
544 3564 574 3574 -
594 3534 625 3601 7)
643 3532 731 3584 llomil.
749 3533 779 3584 ll.
797 3549 822 3600 p.
840 3533 886 3586 68:
912 3532 1051 3600 „quaedum
1069 3540 1128 3582 sunt

163 3602 253 3655 domus
275 3601 369 3654 ordinis
386 3601 559 3655 cisterciensis
582 3602 646 3654 adeo
663 3602 768 3664 divites,
793 3610 821 3654 ut
837 3618 887 3653 una
914 3617 1000 3653 esrum
1022 3599 1127 3668 singulis

163 3671 254 3725 diebus
264 3675 373 3741 quinque
390 3672 464 3724 millia
482 3672 610 3724 bominum
627 3687 731 3740 pascere
743 3672 859 3736 sufficiat,
876 3673 910 3723 its
928 3679 1021 3735 tamen,
1038 3671 1060 3722 si
1070 3685 1127 3721 mo-

163 3740 252 3795 nchis
269 3750 295 3793 ct
311 3743 440 3795 conversis
457 3742 538 3813 coloni
556 3758 612 3794 cum
629 3743 803 3807 merecnariis,
825 3741 937 3809 hospites
954 3757 1010 3792 cum
1029 3755 1128 3808 paupe·
1183 3736 1186 3741 '

163 3810 234 3865 ribus
250 3813 483 3865 connumerentur.“
503 3841 534 3852 -
553 3810 585 3879 8)
603 3810 645 3867 BG
661 3811 765 3864 licuit.
