2438 4170
124 116 186 178 rso
435 79 663 176 oleumcum
684 112 849 193 cunum

121 254 154 298 sc
168 233 185 319 ¹)
206 240 335 298 tenerent
355 237 524 313 acqnahtcr,
541 236 692 297 brachium
714 239 805 298 crucis
826 233 906 313 quod
925 234 1007 296 Prior
1025 235 1121 313 tercia,

123 324 159 385 de
180 342 268 383 manu
289 325 350 383 eius
372 330 416 383 cst
437 324 574 401 elapsum,
596 330 625 383 et
646 324 767 384 alterum
789 330 931 399 erectum,
958 323 1079 399 factaque
1093 326 1121 383 ed

120 411 318 486 inaequalitas
360 409 432 471 Mox
452 411 534 470 Prior
555 410 693 488 evigilans
717 412 812 470 visum
832 410 986 486 intellexit,
1014 403 1119 489 dicende

122 497 199 581 Quid
219 499 289 574 agis,
310 514 328 557 o
349 496 456 556 miseri
477 498 544 557 Non
565 515 656 573 acque
677 504 774 573 portas
797 514 901 573 corpus
910 493 931 576 ³)
953 514 1017 557 cnm
1036 493 1119 556 Albo

122 591 184 660 tuo,
204 601 352 644 rancorem
364 584 502 644 adversus
514 584 594 642 illum
611 601 728 644 servans
749 587 780 642 in
802 583 888 644 corde
909 589 969 642 tuo.
1009 583 1119 659 Interpro

121 675 199 731 tatus
221 678 279 746 est,
308 673 382 730 sient
402 688 503 730 revera
523 671 590 746 fuit,
619 688 722 746 corpus
745 670 850 730 Christi
872 687 936 730 esse
958 668 1119 748 congregetis

120 775 202 833 nem,
225 774 354 833 crucem,
376 760 423 817 cui
442 758 543 817 iratres
564 775 616 833 per
637 757 829 817 obedientiam
850 758 930 817 ali‘rxi
950 763 1027 833 sunt,
1046 752 1120 815 ordii

120 846 253 922 rigorem.
295 843 344 903 Ad
370 843 517 904 Abbatem
546 848 621 903 enim
648 850 678 904 et
704 845 834 904 Priorem
861 845 1021 921 specialiter
1041 842 1120 919 spotlnl

121 937 303 1005 conventum,
322 933 370 1006 qui
383 930 488 991 Christi
503 949 606 1007 corpus
628 937 679 1005 est,
700 937 823 1008 portare,
844 937 944 991 tencre
966 926 1021 1009 π’)
1038 933 1120 989 mm

120 1025 190 1078 tare.
226 1018 345 1077 Portare
362 1035 413 1095 per
431 1021 595 1094 orationem,
616 1024 712 1078 tenere
724 1035 776 1093 per
794 1017 981 1095 disciplinam,
997 1019 1120 1077 amerus

119 1123 173 1182 per
196 1104 426 1165 consolationem.
474 1104 577 1165 Abbas
608 1105 672 1165 loco
704 1108 808 1181 patris,
838 1105 922 1164 Prior
953 1106 1016 1166 vice
1043 1100 1120 1162 meln't

88 1191 92 1199 ’
122 1191 196 1252 Cum
216 1192 299 1250 Prior
314 1209 379 1250 cum
393 1191 510 1251 Abbatc
523 1210 575 1251 suo
590 1194 682 1250 minus
703 1193 777 1252 bene
800 1191 963 1266 concordat,
983 1207 1039 1250 non
1054 1200 1121 1263 mont

62 1310 65 1317 ν
120 1277 204 1338 lance
231 1296 297 1338 cum
324 1278 372 1339 illo
401 1279 505 1338 Christi
533 1296 636 1354 corpus
660 1285 765 1354 portat
807 1278 890 1338 Idem
911 1279 993 1337 Prior
1013 1293 1069 1338 cun
1082 1273 1120 1333 iu

120 1367 246 1441 visione,
282 1367 416 1442 eiusque,
445 1372 479 1424 ut
505 1367 564 1425 iam
586 1366 772 1440 dictumest,
801 1367 1032 1441 interpretatione
1054 1362 1120 1421 niun

122 1459 199 1512 esset
227 1459 384 1529 correctus,
410 1469 504 1512 neca
530 1459 667 1529 concepto
688 1468 807 1512 rancore
830 1451 963 1512 diductus
973 1448 1008 1533 ⁵),
1034 1448 1120 1510 dmm

122 1540 149 1600 ei
170 1541 308 1615 ostendit,
334 1546 414 1599 tanto
444 1539 647 1614 efficaciorem,
678 1545 785 1614 quanto
811 1539 1015 1599 terribiliorem
1055 1535 1119 1596 hoco

122 1627 256 1703 quadam,
276 1627 343 1687 licet
363 1628 394 1685 in
407 1629 522 1702 somnis,
543 1629 641 1686 nonin
656 1629 776 1702 pictura,
796 1640 855 1685 non
875 1628 905 1684 in
927 1626 1069 1703 sculptura,
1084 1614 1120 1681 etl

120 1716 158 1772 in·
172 1732 275 1774 camco
299 1730 430 1790 corpore,
458 1715 607 1774 inaniscsta
633 1715 741 1772 visione
762 1713 834 1772 vidit
854 1712 1033 1774 Salvatorem
1049 1710 1120 1770 mom
1145 1734 1148 1739 ·

120 1817 153 1861 se
180 1803 210 1869 in
233 1819 316 1862 cruce
336 1801 517 1878 pendentem.
559 1800 686 1876 Eratque
710 1799 831 1859 vinculis
852 1801 959 1877 spineis
979 1802 1008 1859 in
1028 1798 1120 1874 qudem

121 1891 247 1963 eorporis
277 1891 323 1948 sui
342 1888 472 1965 partibus
494 1888 587 1947 cidem
609 1889 686 1947 eruci
707 1886 849 1963 alligatus.
892 1885 991 1946 Unum
1009 1880 1131 1946 mcum.

115 1957 267 2035 bmbiebat
281 1981 367 2050 caput
390 1977 458 2050 eius,
479 1974 601 2034 frontem
622 1974 729 2032 scilicet
751 1980 779 2033 et
800 1976 923 2049 timpora
932 1970 967 2054 ⁶);
995 1970 1064 2032 alind
1077 1966 1120 2028 etti

121 2063 197 2120 circa
216 2068 332 2137 pectus3
358 2064 474 2122 tertium
503 2065 578 2121 circa
607 2077 722 2119 manum
744 2059 904 2135 dexteram3
927 2066 1052 2136 quartum
1068 2054 1120 2115 cira

120 2151 276 2224 sinistram,
304 2150 433 2224 quintum
470 2155 531 2207 erat
557 2150 586 2205 in
622 2147 744 2222 pedibus
778 2149 853 2206 circa
881 2147 955 2206 telos
984 2152 1012 2207 ct
1035 2146 1120 2220 lignidil

121 2233 167 2294 Ac
189 2237 214 2293 si
235 2235 342 2294 diceret
361 2235 401 2293 illi
421 2234 576 2294 Dominus:
608 2233 671 2310 Ego
693 2239 857 2309 propterte
879 2249 1058 2309 passussum
1074 2239 1120 2286 tffl·
1159 2256 1161 2313 ς

121 2324 243 2381 ciamina
264 2328 323 2381 tam
346 2322 420 2396 dira,
443 2328 472 2381 et
493 2327 524 2378 tu
545 2322 750 2396 aequanimiter
771 2321 808 2378 ab
830 2319 948 2380 Abbate
969 2327 1018 2380 tuo
1037 2316 1120 2395 propitl

120 2426 167 2468 mc
195 2409 315 2468 tolerare
336 2426 394 2467 non
414 2415 513 2484 potes,
541 2425 597 2466 non
628 2407 691 2466 dico
719 2408 856 2482 verbera,
885 2407 937 2466 sed
965 2407 1055 2467 verba.
1090 2392 1120 2454 'le

120 2503 222 2573 gravat
244 2514 317 2572 quae
334 2495 412 2555 cordi
433 2502 483 2554 tuo
505 2512 564 2553 non
581 2497 656 2570 sapit
677 2494 846 2568 obedientie,
869 2500 897 2552 et
916 2511 969 2570 ego
983 2494 1120 2553 factuam

119 2589 285 2659 propterte
309 2583 444 2642 obediens
461 2582 541 2640 Patri
563 2599 653 2656 usque
675 2581 712 2639 ad
734 2587 855 2640 mortem
877 2583 1024 2656 crucisque
1043 2582 1120 2651 oppii·

119 2671 191 2745 bria,
218 2688 291 2746 quae
314 2677 380 2729 sunt
402 2671 483 2745 quasi
502 2668 617 2728 vincula
638 2670 761 2744 spinosa.
786 2667 866 2726 Sicut
886 2669 949 2743 ipse
963 2667 1029 2726 mihi
1046 2653 1122 2722 radit

120 2756 262 2816 Dominus
284 2774 351 2815 mox
373 2755 453 2815 dedit
465 2758 491 2814 ci
511 2756 667 2831 intclhgcre
681 2756 820 2814 visionem
833 2754 890 2814 hoc
911 2754 1013 2815 modo:
1032 2752 1061 2811 ln
1075 2745 1121 2839 11⁰5

120 2845 226 2918 inquit,
253 2843 330 2918 quod
353 2844 494 2918 Christus,
524 2845 573 2917 qui
606 2847 692 2917 caput
721 2848 764 2901 cst
784 2841 945 2917 Ecclesiae,
978 2842 1070 2918 ligatus
1084 2827 1122 2889 rm

121 2932 217 3004 spinis,
241 2929 365 2988 ostendit
386 2927 475 3009 tibio,
498 2929 575 3004 quod
590 2931 675 3005 capiti
690 2935 750 3003 tuo,
771 2927 800 2985 id
823 2934 875 3003 cst,
896 2927 1016 3003 Abbati,
1035 2916 1121 2984 obedire

122 3015 229 3075 debeas
256 3019 342 3075 ctiam
362 3019 392 3074 in
413 3017 550 3076 adversis.
594 3016 677 3091 Quod
698 3016 803 3092 ligatus
823 3016 876 3073 fuit
896 3017 927 3073 in
947 3021 1067 3092 pectore,
1083 3000 1122 3062 dl·

122 3109 168 3162 cet
189 3109 226 3178 tc,
249 3106 315 3178 quia
328 3109 410 3162 tuum
428 3103 502 3163 velle
524 3102 648 3162 Abbatis
669 3105 710 3161 tui
724 3102 865 3161 voluntati
878 3102 982 3162 debeat
989 3099 1010 3181 ⁸)
1031 3101 1122 3159 concor·

123 3188 199 3249 darc.
243 3190 299 3250 Cor
319 3193 349 3249 in
369 3197 485 3266 pectore
507 3197 565 3266 est,
595 3193 673 3249 etin
695 3190 780 3249 corde
802 3189 945 3248 voluntas.
987 3184 1122 3247 intutum

140 3408 171 3478 1)
188 3409 276 3461 river
294 3425 322 3462 se
339 3425 380 3462 om
397 3410 469 3464 roe.
489 3441 520 3450 -
540 3410 610 3479 apa
628 3410 823 3477 iniungens
842 3409 934 3461 uixit.
947 3440 977 3450 -
996 3409 1026 3477 a)
1042 3399 1075 3457 oo
1088 3383 1124 3445 ,u

192 3479 325 3534 Christ-i.
351 3511 382 3520 -
407 3481 438 3548 4)
457 3488 489 3532 et
506 3497 547 3532 orn
571 3480 620 3535 BC.
639 3511 670 3520 -
690 3480 722 3547 5)
746 3479 807 3532 BCR
833 3479 999 3531 deductus.
1021 3453 1124 3556 „¹5ss

190 3558 345 3616 temporat
364 3551 405 3603 Sic
423 3551 545 3617 etiamid
564 3550 613 3601 vu.
633 3551 658 3602 S.
682 3549 789 3617 Engelb.
813 3549 843 3616 ll,
867 3551 892 3602 8.
915 3566 940 3616 p.
963 3548 1012 3601 317
1036 3553 1081 3596 tim

163 3619 278 3679 .ribus
302 3635 349 3686 pro
383 3620 585 3688 temporibus
609 3619 743 3689 legendum
772 3628 875 3681 est.,—
907 3620 939 3688 7)
966 3543 1124 3671 tibionffi

192 3720 222 3730 -
242 3689 274 3759 8)
292 3689 334 3742 ΒΙ)
352 3688 456 3743 debet.
