2438 4170
106 237 168 294 362
427 232 656 295 DISTINCTIO
686 232 821 294 SEXTA

105 362 215 431 partem
236 354 332 414 scalae
353 372 437 415 arcae
458 373 596 432 magnae,
619 358 649 415 in
671 373 729 432 qua
750 354 969 415 continebantur
987 359 1117 432 grauati

104 449 166 501 erat
186 443 315 502 foramini
338 446 487 518 contigua,
516 446 680 518 supposuit,
708 443 886 518 alteramque
914 450 1031 518 utraque
1049 458 1116 501 maur

104 532 237 589 servavit
279 529 339 587 Illis
360 531 529 588 intrantibus
547 527 562 608 ¹)
584 548 677 605 usque
699 531 736 589 ad
758 531 941 604 umbelicum,
962 530 1114 606 Engilberbs

104 617 189 675 dorsa
210 633 324 690 eorum,
347 619 414 691 quia
434 619 515 691 proni
535 618 682 692 iacebant,
711 634 763 691 per
784 617 894 676 scalam
914 618 1018 675 fortiter
1036 618 1115 691 pressit

73 710 133 767 vet
153 706 182 760 in
210 703 502 789 tantumdepressit,
534 711 645 763 utnon
666 704 759 763 solum
788 706 829 762 eis
861 720 1049 780 progressum,
1070 704 1112 760 imo

104 792 196 849 etiam-
218 807 377 865 regressum
405 807 520 865 prorsus
549 790 694 849 adimeret.
739 790 794 866 Qui
824 793 906 865 quasi
934 791 987 848 sub
1008 788 1112 848 torculari

103 879 196 954 positi,
218 876 287 934 dum
308 893 392 934 mane
415 880 479 952 capi
499 880 639 951 timerent,
659 880 773 936 veniam
795 877 1015 952 postulaverunt
1049 875 1111 933 Datis

1 994 3 999 ·
104 981 172 1023 vero
193 963 364 1022 terribilibus
381 966 553 1038 iuramentis,
575 964 652 1039 quod
667 982 813 1038 nunquam
835 981 985 1039 personam
1004 961 1110 1022 eiuslae·

104 1050 218 1125 cerem,
245 1050 292 1109 vel
314 1050 430 1108 domum
451 1051 528 1109 illam
551 1053 701 1124 iutrarent,
724 1051 832 1109 dimissi
853 1056 928 1109 sunt.
968 1048 1046 1108 Mane
1062 1064 1110 1107 cum

103 1137 241 1213 prodente
262 1137 442 1213 Engilberto,
472 1156 490 1196 a
518 1140 617 1197 vicinis
649 1138 728 1196 nulla
749 1145 811 1197 arte
834 1137 1001 1196 dormientes
1020 1140 1110 1210 possent

104 1227 234 1299 excitari,
256 1230 284 1283 et
307 1230 508 1299 quaererentur
529 1227 604 1283 circa
626 1224 743 1284 domum
765 1224 921 1298 maleficia,
942 1239 1050 1298 quorum
1065 1223 1108 1278 rir-

103 1319 164 1370 tute
185 1311 258 1370 haec
279 1318 418 1369 noverant
438 1311 507 1385 fieri,
529 1329 615 1386 supra
636 1312 764 1370 foramen
787 1311 918 1371 detecto
939 1303 1108 1385 pendentem¹l

104 1400 186 1472 quasi
208 1401 318 1473 spinam
340 1398 456 1456 humaui
479 1397 625 1457 cadaveris
647 1404 820 1472 repererunt.
864 1397 930 1473 Qua
950 1403 1044 1468 amota,
1059 1408 1108 1451 mor

103 1502 203 1544 omnes
234 1487 347 1543 excitati
370 1491 443 1542 sunt.
486 1484 689 1544 NOVICIUS:
719 1485 828 1560 Magna
857 1491 923 1543 sunt
949 1486 1003 1542 ista
1021 1482 1052 1541 ab
1068 1479 1108 1538 hc·

102 1575 179 1630 mine
202 1589 288 1630 caeco
311 1577 339 1629 et
361 1572 488 1646 simplice
510 1578 601 1647 gesta.
633 1571 869 1631 MONAGHUS:
891 1571 985 1629 Maius
1005 1563 1108 1642 estquod

103 1661 238 1735 sequitur,
261 1662 328 1733 quia
349 1658 387 1716 ad
409 1658 530 1717 salutem
552 1661 674 1732 pertinet
692 1661 859 1717 animarum.
891 1654 1020 1735 Postea³)
1037 1653 1109 1712 multis

102 1749 184 1805 aunis
207 1746 325 1821 elapsis,
351 1746 436 1804 iidem
457 1746 631 1804 suresfama
653 1752 681 1804 et
702 1747 854 1804 virtutibus
875 1747 933 1803 iam
954 1744 1016 1802 dicti
1033 1737 1109 1816 Engli-
1154 1794 1157 1803 .

34 1836 37 1843 '
102 1834 176 1892 berti
194 1836 316 1906 excitati,
338 1836 455 1907 eiusque
470 1838 502 1890 ut
524 1835 623 1907 opinor
636 1833 767 1906 precibus
783 1833 953 1908 compuncti,
974 1848 1033 1890 eum
1050 1826 1110 1886 adie-

102 1926 176 1994 runt,
198 1927 228 1978 et
248 1923 316 1994 quia
336 1921 389 1994 ipsi
412 1926 519 1993 essent,
545 1919 680 1993 confessi,
704 1919 836 1994 deinceps
858 1921 948 1978 vitam
969 1907 1110 1990 duxerunt⁸l

102 2006 272 2082 religiosam.
314 2007 380 2065 Hoc
401 2007 508 2064 iactum
529 2006 666 2079 mirabile,
689 2013 717 2065 et
738 2007 794 2065 alia
810 2005 960 2081 quaedam,
981 2000 1111 2077 dequibus

101 2095 329 2168 insequentibus
345 2093 462 2167 dicetur,
484 2095 521 2151 ab
545 2092 606 2152 aliis
629 2093 698 2150 mibi
719 2093 817 2166 relata,
840 2099 868 2151 et
889 2099 1043 2171 utrumnam
1059 2099 1111 2146 vert

103 2187 197 2239 essent
227 2198 244 2238 a
265 2198 311 2238 me
332 2183 536 2255 interrogatus,
566 2182 606 2237 ita
626 2187 709 2255 gesta
729 2181 816 2238 fuisse
838 2180 1000 2255 simpliciter
1018 2179 1111 2235 testatus

102 2273 153 2326 cst.
210 2268 248 2324 Et
277 2270 344 2341 quia
384 2285 449 2325 cum
478 2267 652 2341 simplicibus
689 2269 886 2325 sermocinatio
915 2266 1026 2324 Domini
1049 2255 1110 2336 esu),

102 2355 180 2413 dedit
198 2357 225 2412 ei
239 2357 325 2412 etiam
336 2357 465 2429 spiritum
487 2354 662 2428 prophetiae,
683 2361 715 2411 ut
738 2354 874 2412 damnum
896 2355 1006 2410 luminis
1016 2348 1111 2409 exterio·

101 2445 139 2500 n's
162 2441 288 2499 claritate
321 2441 469 2499 oculorum
496 2443 660 2499 interiorum
687 2447 958 2515 recompensaretur.
1000 2439 1112 2509 Tempore

102 2529 228 2604 quodam
248 2530 384 2586 invitatus
406 2547 424 2585 a
445 2529 571 2587 Duxissa
583 2523 603 2606 ⁶)
626 2527 776 2600 Saxoniac,
797 2544 885 2585 uxore
907 2527 1020 2584 chrici
1037 2521 1112 2591 Ducis,

101 2624 232 2674 matrona
253 2616 337 2673 valde
360 2616 506 2690 religiosa,
534 2618 606 2673 inter
634 2615 690 2672 alia
723 2615 812 2672 mirlta
835 2617 903 2688 quia
925 2631 998 2671 unus
1018 2628 1048 2669 er
1066 2606 1113 2664 filiis

101 2706 161 2762 eius
175 2704 335 2778 Imperator
357 2709 432 2760 essct
453 2703 563 2760 futurus
585 2701 732 2776 praedixit.
766 2701 852 2776 Quod
872 2709 974 2776 postea
993 2697 1112 2772 impletum

101 2791 224 2848 vidimus
251 2793 279 2847 in
311 2788 431 2863 Ottone,
461 2793 507 2864 qui
537 2789 661 2847 Henrico
696 2791 832 2846 successit
859 2790 889 2844 in
916 2787 1037 2860 imperio.
1073 2779 1113 2838 Hit

101 2895 167 2936 cum
197 2884 264 2953 post
293 2877 460 2934 electionem
488 2879 516 2933 in
549 2878 677 2932 maximis
706 2875 805 2933 suisset
833 2874 1070 2943 tribulationibus,
1094 2870 1115 2924 et

100 2981 174 3038 pene
196 2964 233 3022 eb
257 2965 388 3021 omuibus
411 2964 584 3039 desperatus,
607 2964 644 3020 ab
668 2960 768 3020 eodem
785 2978 869 3020 caeco
894 2961 1061 3019 confortatus
1078 2958 1114 3024 est

102 3053 128 3108 ei
148 3050 300 3109 asserendo
314 3047 343 3129 ⁷),
366 3053 432 3124 quia
454 3049 621 3108 omnimodis
643 3049 734 3107 forent
755 3049 912 3123 implenda,
941 3064 1013 3122 quae
1034 3043 1115 3103 aDeu

100 3133 243 3215 lucrantss)
264 3138 473 3211 praeordinata.
511 3136 588 3194 Anto
609 3137 657 3193 illa
677 3143 820 3210 tempora,
853 3153 919 3194 curn
939 3121 1117 3204 Holswindis⁹l

101 3224 137 3282 de
161 3223 335 3297 Giemenicb,
357 3225 444 3282 vidua
455 3225 594 3298 religiosa,
617 3224 654 3280 ob
668 3224 837 3281 discordiam
860 3223 980 3280 dnomm
999 3220 1118 3278 Comitum

100 3319 192 3370 terrae
214 3318 327 3368 nostrae
357 3314 467 3369 timeret
495 3311 558 3368 filiis
586 3312 659 3383 suis,
688 3310 816 3368 Arnoldo
847 3315 875 3367 ct
903 3309 1034 3366 fratribus
1060 3308 1120 3372 eius,

100 3402 251 3474 ipsumque
281 3405 406 3472 rogaret,
439 3405 471 3455 ut
499 3415 550 3472 pro
572 3399 699 3471 ipsorum
721 3396 915 3455 incolumitate
936 3396 1001 3453 Deo
1029 3389 1121 3467 suppli·

102 3493 195 3562 caret,
218 3485 377 3559 respondit:
400 3485 443 3543 Ne
464 3485 584 3543 sollicita
606 3487 643 3542 sis
657 3500 709 3558 pro
730 3487 785 3542 ista
806 3482 954 3555 discordia,
977 3485 1042 3556 quia
1063 3481 1122 3537 bene

120 3604 150 3671 1)
167 3601 322 3655 ADPillos
342 3604 515 3652 intrantes.
531 3630 560 3638 —
577 3598 703 3666 ajnsscu
721 3599 880 3666 pendens,
899 3597 1123 3664 Pllprocedens.

170 3702 202 3710 -
216 3672 409 3739 subrutam.
422 3702 451 3709 —
466 3673 498 3738 4)
511 3670 575 3721 Ab?
593 3670 759 3721 duxeruut
777 3672 884 3721 vitam.
897 3698 926 3707 -
939 3670 970 3735 5)
984 3663 1126 3720 Proverbbi

161 3743 244 3794 32.·-
266 3741 359 3810 6)Αο
379 3742 524 3792 Ducissa.
545 3770 575 3778 -
600 3741 631 3805 7)
650 3740 735 3791 ABDP
754 3756 790 3790 eo
814 3747 999 3790 asserente.
1020 3768 1049 3777 -
1069 3730 1127 3802 8)t

163 3815 300 3868 suerint.
323 3845 353 3856 -
373 3813 408 3884 9)
426 3812 446 3867 B
464 3806 960 3881 lleulwinqis,t2llildegundis.
