2460 4162
396 237 452 297 DE
472 236 763 299 SIMPLICITATE.
1031 239 1103 299 357·

52 361 255 423 anniversarla
276 358 383 420 domini
395 360 562 436 Hermanni,
583 361 722 421 ecclesiae
743 360 827 419 huius
838 358 1010 437 quandoque
1030 360 1096 421 De·

54 450 134 524 ceni,
153 450 209 509 viri
229 448 299 507 boni
320 454 350 507 et
369 450 443 522 iusti,
466 454 495 507 et
517 447 638 508 dicenda
659 454 703 507 est
720 449 808 507 missa
827 449 857 506 in
879 454 1022 507 conventu
1042 465 1095 524 pro

55 552 111 612 0⁰3
132 534 280 611 respondit
299 534 400 594 hemer
421 534 505 611 Rogo
527 541 559 593 ut
581 534 715 595 ostendas
736 534 807 592 mihi
823 533 1005 610 sepulchrum
1025 537 1096 594 eius.

56 620 147 699 Quod
174 638 242 681 eum
267 620 316 682 illc
336 622 464 697 fecisset,
494 627 523 681 et
549 624 604 681 iste
631 621 738 682 ibidem
759 621 914 680 diutissime
936 638 970 680 ae
992 621 1096 682 devote

57 715 163 784 oraret,
183 714 283 769 tantm
304 707 442 769 ecclesiae
463 708 519 767 hec
541 709 739 784 considerans,
760 708 904 768 hominem
925 707 1003 768 selus
1025 725 1096 768 con-

56 798 148 871 venit,
168 812 287 855 musam
309 797 442 854 orationis
463 797 622 870 inquisivit,
647 803 677 854 et
696 798 822 871 agnovit
864 795 970 870 Sicqnc
991 812 1042 871 per
1063 812 1097 855 es

56 884 202 959 peregrini
234 888 349 942 ostensa
376 888 443 941 sunt
474 886 575 941 merita
603 882 761 942 domestici.
809 882 848 940 Et
880 899 966 958 quem
995 882 1097 942 iratres

57 968 222 1029 habuerant
249 968 400 1028 Decanum
421 968 575 1044 hactenus,
603 986 679 1028 nune
696 966 712 1048 ¹)
734 971 867 1028 invocare
889 975 1044 1044 coeperunt
1064 976 1099 1028 ut

56 1062 221 1133 munuum.
263 1054 466 1115 NOVICIUS:
498 1052 590 1114 ltera'
605 1061 670 1113 sunt
698 1058 753 1113 ista
781 1057 957 1130 temporibus
985 1058 1097 1116 nostris.

57 1140 296 1203 MONAGHUS:
325 1142 388 1219 Ego
417 1142 572 1217 supradicti
600 1142 711 1201 Decani
740 1159 828 1218 opera
856 1143 985 1216 pietatis,
1012 1142 1098 1201 huius

58 1228 174 1289 Decumi
193 1229 321 1304 praefero
343 1229 494 1288 miraculis.
536 1228 591 1288 Illa
621 1232 710 1303 enim,
739 1235 772 1287 ut
801 1228 872 1303 dixi,
900 1234 1030 1287 sanctum
1051 1229 1097 1288 sa-

58 1317 376 1391 camaracenorum
398 1316 559 1375 ostendunt.
590 1314 794 1376 NOVIOIUS:
816 1315 891 1375 Satis
904 1315 999 1390 placet
1020 1316 1099 1391 quod

59 1402 141 1466 diele.
182 1401 214 1461 Si
234 1402 330 1462 adhue
351 1403 447 1477 aliqua
470 1406 545 1462 nosti
567 1402 603 1462 de
624 1405 759 1479 operibus
780 1403 974 1478 simplicitatis,
994 1403 1097 1463 referre

58 1506 97 1551 ne
124 1490 275 1566 pigriteris.
316 1488 550 1563 ilouncflus:
583 1490 687 1549 Dicam
715 1491 771 1549 tihi
801 1489 948 1548 historiam
976 1489 1099 1549 heminis

58 1574 261 1651 simplicissimi
273 1575 431 1635 secundum
444 1573 464 1655 ²)
486 1583 626 1652 naturam,
646 1594 698 1651 per
719 1593 805 1651 quem
820 1579 890 1635 setis
904 1593 1059 1651 cognosces
1067 1572 1098 1655 ³),

58 1669 200 1739 quantun
226 1662 293 1722 Deo
320 1663 435 1738 placeat
466 1670 566 1723 sancta
598 1670 627 1722 et
655 1663 780 1740 prudens
812 1662 992 1739 simplicitas,
1023 1679 1099 1738 quac

58 1748 184 1811 habear
204 1766 257 1825 per
277 1752 407 1827 gratiam.

424 1938 658 2000 CAPITULUM
678 1939 746 1999 VH.

134 2062 183 2121 Dc
203 2062 387 2137 simplicitate
413 2061 593 2207 VVcrtnhogdi
617 2064 752 2121 cononici
772 2064 867 2121 eoacti
889 2058 1027 2121 Gereonio

488 2152 521 2207 tu
570 2150 678 2208 oleato.

127 2268 165 2327 In
194 2267 314 2328 ecclesia
339 2272 431 2329 sancti
460 2269 598 2330 Gereonis
619 2269 753 2347 Martyris
780 2271 902 2329 civitatis
925 2267 1101 2328 coloniensis

61 2357 168 2415 noenia
189 2357 366 2431 temporibus
381 2360 533 2416 canonicus
547 2358 663 2433 quidam
685 2358 798 2430 exstitit,
820 2355 1023 2415 Werinboldus
1045 2371 1100 2413 no-

62 2444 155 2516 mine,
182 2459 286 2519 genere
314 2445 432 2517 nobilis,
463 2444 542 2504 dives
572 2447 641 2504 satis
668 2447 697 2501 in
725 2443 873 2519 stipendiis
894 2443 1101 2502 ecclesiasticis.

62 2528 122 2587 Hic
142 2534 241 2587 tantae
262 2530 449 2606 simplicitatis
470 2528 558 2609 fuiti),
582 2538 612 2589 ut
633 2531 739 2589 nullius
759 2533 801 2589 rei
815 2548 956 2589 summam
978 2534 1101 2603 caperet,

62 2616 120 2675 nlsi
141 2623 281 2691 quantum
303 2634 337 2675 ex
352 2620 473 2692 paritate
487 2620 595 2677 numeri
608 2618 656 2677 vel
675 2620 836 2692 imparitate
847 2616 979 2691 colligere
994 2621 1100 2690 posset

64 2700 141 2762 Gom
160 2707 289 2777 tempore
311 2704 436 2779 quodam
464 2703 569 2764 multas
590 2704 709 2764 haberet
729 2722 832 2779 pernas
853 2705 882 2760 in
905 2704 1027 2777 coquina
1048 2718 1102 2761 sua

63 2788 238 2865 pendentes,
260 2807 296 2849 ne
318 2791 414 2866 aliqua
436 2793 462 2850 ei
483 2792 612 2850 subtrahi
632 2797 744 2867 posset,
764 2792 895 2863 intrarit,
924 2791 1001 2849 etin
1024 2788 1100 2847 hunc

64 2873 185 2935 medum
207 2892 256 2936 eas
269 2880 442 2937 numeravit:
464 2878 540 2938 Ecce
552 2896 642 2954 perna
663 2889 693 2937 ct
713 2880 773 2937 eius
787 2879 866 2937 socia
878 2874 907 2956 ⁵),
929 2893 995 2936 ecce
1011 2892 1102 2951 prema

64 2963 179 3023 eteius
200 2965 293 3038 socia,
325 2967 423 3040 sicque
445 2965 480 3025 de
502 2969 612 3025 ceteris.
655 2965 719 3025 Una
748 2965 863 3025 axillis
890 2964 1017 3038 nequitia
1038 2979 1101 3020 ser-

63 3064 168 3109 rorum
196 3050 357 3126 subtracta,
384 3069 450 3110 eum
478 3056 581 3112 iterum
608 3055 754 3125 intrasset,
786 3058 815 3111 et
840 3051 985 3126 praedicto
1014 3048 1101 3108 mode

63 3152 135 3195 suas
155 3152 259 3211 pennas
280 3146 465 3214 numerasset,
486 3142 609 3215 imperes
630 3141 775 3199 inveniens
798 3137 981 3197 exclarrrarit:
1006 3135 1102 3195 Unam

64 3238 102 3283 cx
123 3223 219 3297 pernis
239 3227 310 3283 rucis
337 3226 455 3300 perdidi.
499 3226 552 3285 Cui
579 3229 654 3286 servi
682 3224 860 3285 subridentes
880 3222 1100 3300 responderunt:

63 3308 207 3383 Domine,
234 3310 308 3370 benc
337 3315 504 3372 invenietur.
546 3312 657 3388 Illoque
686 3313 805 3387 educto,
834 3329 899 3371 cum
920 3329 979 3370 mia
999 3312 1101 3368 iterum

63 3396 214 3456 subtracta
240 3416 390 3457 rrumemm
417 3397 661 3479 parilicussentt),
690 3408 719 3459 ct
746 3402 787 3458 sic
814 3398 946 3457 inductus
974 3395 1100 3455 secundo

63 3500 116 3543 cas
138 3490 323 3558 nrrnrerassct,
344 3504 484 3561 paresque
506 3490 664 3562 reperisset,
684 3488 753 3545 satis
774 3485 894 3545 iocunde
906 3485 1018 3543 dicebat
1032 3483 1100 3541 illis:

18 3622 21 3627 .
63 3568 312 3646 Eiarosdernini,
333 3575 416 3631 nimis
439 3573 485 3631 diu
499 3581 627 3649 poteram
644 3576 776 3633 tacuisse.
809 3571 930 3649 Quando
951 3571 1026 3630 servi
1047 3571 1101 3629 sibi

85 3738 116 3805 l)
134 3754 216 3790 nnuc
233 3754 274 3791 em
291 3740 382 3793 Βίλ-
401 3741 433 3809 2)
450 3740 534 3793 Acii?
551 3758 614 3809 per.
628 3772 658 3781 -
678 3742 710 3810 3)
728 3741 748 3794 B
765 3756 933 3807 agnosces.
946 3768 976 3779 -
996 3739 1028 3805 4)
1045 3737 1101 3790 libri

136 3808 251 3860 lueret.
271 3840 301 3849 —
322 3811 353 3878 5)
371 3811 391 3864 C
408 3821 440 3864 et
457 3815 545 3864 secia
563 3813 641 3865 cius.
662 3842 692 3851 -
711 3811 744 3880 6)
762 3812 802 3864 bl’
819 3810 1044 3879 purificasset.
