2438 4170
399 223 454 283 DE
476 220 753 283 CONFESSIONE.
1035 223 1093 281 151

43 346 165 407 domus
178 362 262 406 meas
273 340 291 427 ¹)
313 345 350 405 ad
371 345 458 405 talem
471 344 575 418 locum,
597 350 626 403 et
648 361 713 403 cum
734 340 854 416 rediero,
874 347 991 418 paratus
1013 344 1096 402 vobis

46 451 104 495 arc
127 432 172 493 ad
189 449 305 493 omnem
325 438 451 492 vestram
472 431 658 491 voluntatem.
701 430 759 489 Ivit
781 437 809 489 et
830 429 919 504 rediit,
942 436 971 491 et
992 447 1057 488 curn
1078 448 1097 488 a

47 519 157 581 clerici
169 537 219 580 cre
237 520 390 594 didicisset,
412 518 488 594 quod
508 525 605 577 tamen
625 535 683 577 non
704 519 854 594 ignoravit,
875 519 953 576 misit
972 516 1010 575 ad
1031 534 1096 576 mc-

48 609 233 682 materiam,
254 613 355 683 petens
375 607 430 666 sibi
452 607 603 664 transmitti
625 605 816 664 confessorem
839 603 1000 663 discretum.
1044 602 1098 662 Cui

51 712 135 769 cum,
161 700 313 770 praesente
327 710 474 767 converse,
495 692 572 751 idem
597 691 715 751 clericus
736 696 857 767 peccata
878 707 931 749 sua
953 692 1021 748 satis
1044 690 1096 750 de-

51 786 127 842 vote
152 780 350 855 confiteretur,
387 787 415 840 et
442 782 471 838 in
494 779 611 839 diversis
639 779 710 837 locis
735 779 831 853 aliqua
851 795 903 853 per
924 778 1097 836 oblitienem

53 866 237 941 transsiliret,
255 868 396 942 quaedam
404 863 424 946 ¹)
448 869 533 926 etiam
553 872 669 941 propter
690 866 916 924 erubescentiam
936 867 1030 922 miuus
1051 866 1096 922 in-

53 953 207 1031 tegraliter
220 971 286 1012 cum
307 956 365 1013 suis
379 954 594 1012 circumstantiis
609 955 785 1027 exprimeret,
806 955 1014 1027 interrumpens
1037 954 1097 1010 eins

55 1040 271 1101 contessionem
282 1043 341 1099 iam
358 1039 450 1099 dictus
464 1040 561 1099 Simon
577 1042 629 1097 ait:
645 1040 739 1114 Quare
752 1039 824 1099 haec
838 1045 867 1097 et
888 1038 960 1097 haec
977 1045 1098 1112 peccata

56 1125 233 1187 subticetis?
274 1127 336 1187 Ista
363 1129 392 1185 in
421 1127 471 1185 tali
499 1132 593 1185 aetate
623 1128 815 1200 commisistis,
844 1131 873 1184 et
881 1121 901 1204 ³)
930 1124 979 1183 illa
1001 1131 1029 1184 et
1049 1125 1098 1183 illa

56 1214 88 1273 in
108 1213 162 1273 tali
183 1213 249 1273 leco
272 1231 308 1273 ex
328 1213 463 1287 levitate,
483 1212 619 1272 nonnulla
641 1230 676 1272 ex
697 1215 867 1272 necessitate
887 1212 1008 1287 fecistis,
1030 1213 1096 1270 ubi-

58 1316 117 1375 que
139 1317 209 1361 eum
230 1303 387 1377 corrigens,
414 1302 456 1359 ita
484 1306 516 1358 ut
536 1300 621 1359 valde
642 1301 806 1373 miraretur,
839 1305 868 1359 et
899 1316 964 1357 cum
985 1299 1098 1375 Regina

58 1386 163 1447 Austri
184 1386 309 1446 mediam
329 1394 440 1463 partem
461 1390 567 1463 gratiae
590 1390 650 1446 eius
661 1382 683 1467 ¹)
705 1404 763 1445 nen
784 1403 815 1445 se
844 1386 959 1445 audisse
991 1387 1097 1445 fatere-

58 1470 150 1554 ur‘).
194 1473 319 1534 Rediens
347 1491 416 1533 vero
452 1474 489 1533 ad
518 1473 627 1533 Urbem
654 1492 719 1533 cnm
751 1472 856 1551 gaudie
885 1490 1007 1550 magne,
1046 1490 1097 1549 per

59 1565 153 1619 totam
186 1564 294 1620 curiam
320 1563 349 1619 in
376 1567 488 1619 tantum
516 1579 600 1619 suurn
626 1560 796 1637 prophetam
824 1560 1033 1636 magnificavit,
1065 1564 1108 1617 ut'

60 1645 194 1707 dominus
213 1647 296 1723 Papa
309 1648 492 1707 Innocentius
514 1648 552 1707 ad
564 1648 721 1707 Concilium
729 1643 749 1727 ⁶)
772 1666 856 1706 suum
867 1646 1000 1723 gencrale
1016 1646 1096 1704 illum

60 1740 195 1809 vocaret,
222 1741 413 1810 vocatumque
442 1735 478 1794 de
507 1735 635 1811 pluribus
656 1738 842 1810 interrogaret
851 1731 887 1813 ⁷),
917 1750 1014 1807 aquo
1038 1739 1096 1792 tam

60 1822 123 1897 ipse
145 1838 235 1897 quarn
257 1825 342 1882 ceteri
353 1821 517 1881 Cardinales
540 1822 697 1881 didicerunt
718 1825 920 1896 experimento,
942 1819 1020 1895 quod
1036 1822 1096 1895 spi-

60 1910 116 1967 ritu
137 1908 260 1983 polleret
280 1909 455 1984 prophetice.
498 1908 581 1967 Haec
603 1908 671 1966 mihi
692 1909 788 1966 retulit
801 1909 904 1966 beatae
919 1904 1095 1986 memoriae⁸)

60 1994 210 2055 Walterus
232 1994 268 2054 de
284 1992 438 2075 Birbecha)
461 1995 618 2055 monachus
640 1998 669 2052 in
690 1994 910 2068 Hammenrcde,
934 1997 982 2069 qui
1005 1996 1030 2052 ei
1051 1995 1096 2052 f-

62 2081 271 2141 miliutissimus
290 2082 358 2157 suit,
388 2089 417 2141 et
441 2082 525 2158 plura
553 2080 588 2141 dc
615 2081 663 2140 illc
691 2085 809 2141 recitare
831 2084 987 2140 consuevit.
1030 2081 1096 2139 Alie

60 2174 191 2244 tempore
213 2168 313 2228 videns
335 2168 479 2244 quandam
499 2168 695 2227 mulierculam
711 2171 908 2244 peccatricem,
930 2168 1097 2227 hortabatru

60 2270 127 2315 eam
148 2254 188 2315 ad
211 2256 431 2330 contessionem,
452 2256 564 2314 dicens:
595 2255 735 2315 Confitere
757 2274 804 2315 me
826 2255 967 2315 audiente.
1012 2255 1097 2331 Qtrod

60 2356 128 2401 cum
156 2342 285 2416 iecisset,
314 2360 372 2402 non
400 2343 512 2402 sinebat
540 2359 604 2402 eam
626 2343 733 2418 aliquid
760 2361 812 2419 per
833 2343 1006 2402 oblivionem
1036 2345 1096 2401 sive

59 2444 112 2505 per
133 2429 362 2489 erubescentiam
383 2432 571 2504 supprimere,
600 2431 705 2504 ubique
735 2433 795 2489 eius
818 2433 960 2505 corrigens
983 2430 1096 2489 cenfes-

59 2516 181 2589 sionem,
203 2519 277 2576 sicut
298 2533 384 2591 supra
405 2515 512 2575 dictum
534 2523 577 2576 cst
599 2517 634 2576 de
657 2516 910 2590 elericoRcmanc,
933 2534 967 2575 ac
982 2520 1005 2577 si
1018 2517 1096 2575 illam

59 2616 199 2679 peccasse
220 2602 347 2663 vidisset.
389 2601 592 2663 NOVICIUS:
627 2603 781 2663 Considera
804 2607 833 2661 in
853 2606 908 2662 iste
930 2606 990 2662 viro
1014 2605 1096 2676 quie-

58 2690 138 2748 visse
159 2690 289 2764 spiritum
308 2689 408 2765 Elisci,
432 2692 479 2765 qui
502 2707 618 2764 corpere
640 2692 745 2749 absens
768 2696 796 2749 ct
817 2692 917 2765 spiritu
945 2706 1094 2763 praesens,

58 2782 230 2851 peccantem
249 2774 330 2835 Gieci
351 2780 485 2853 corripuit
500 2774 538 2856 ¹⁰).
581 2775 816 2836 MONAOHUS:
839 2777 903 2834 Nun
925 2776 997 2834 alins
1012 2777 1095 2850 spiri·

59 2866 107 2921 urs
129 2869 264 2938 operatur
284 2865 313 2921 in
334 2865 416 2923 iustis
437 2866 540 2923 veteris
562 2867 739 2937 testamenti,
773 2870 859 2938 atquc
881 2862 953 2921 alius
975 2865 1004 2920 in
1026 2881 1095 2922 san·

59 2949 113 3009 etis
127 2945 158 3029 ¹¹)
180 2952 297 3025 gratiae,
317 2950 368 3009 sed
388 2950 473 3025 idem,
495 2950 624 3010 dividens
634 2950 751 3026 singulis
772 2956 857 3026 prout
878 2950 941 3008 vult
958 2948 996 3030 ¹¹).
1024 2948 1096 3010 NO-

59 3034 210 3097 VICIUS:
239 3037 271 3097 Si
292 3039 366 3095 nosti
388 3037 482 3096 adhuc
504 3038 600 3112 aliqua
623 3037 659 3096 de
681 3037 736 3096 hec
760 3054 913 3112 converse,
942 3054 1043 3112 precor
1065 3044 1096 3095 ut
1139 3040 1142 3049 '

59 3122 202 3184 edisseras
224 3123 301 3198 mihi,
323 3126 390 3199 quia
411 3127 502 3200 magis
524 3124 636 3183 videtur
657 3125 872 3199 miraculosum,
895 3124 1008 3183 ecerrlta
1030 3142 1095 3184 ccr-

77 3308 110 3377 1)
127 3307 148 3362 G
165 3317 306 3361 nostrae.
326 3340 357 3349 -
385 3310 417 3377 2)
443 3309 463 3362 G
489 3318 521 3361 ct
548 3309 708 3377 quaedam.
728 3339 759 3348 —
787 3311 819 3378 3)
837 3319 863 3361 et
880 3327 921 3361 om
939 3309 993 3374 1303
1020 3311 1095 3376 pauiu

129 3379 250 3445 postibi)
267 3379 326 3430 tali
344 3381 375 3430 in
393 3379 515 3430 icca-
535 3380 567 3446 4)
585 3379 605 3431 C
623 3381 691 3430 eins
709 3382 854 3446 gratiae3
873 3397 931 3432 nrox
948 3397 981 3431 sc
1000 3380 1049 3431 add
1067 3380 1094 3432 C.

131 3477 162 3487 -
182 3449 214 3517 5)
232 3448 294 3532 iieg.
313 3449 359 3512 111,
378 3449 424 3513 10,
441 3450 465 3500 7.
486 3479 516 3489 -
545 3449 576 3516 6)
594 3447 636 3501 BG
653 3449 832 3501 consilium.
852 3481 884 3488 -
909 3452 939 3517 7)
958 3449 977 3502 G
995 3451 1095 3501 inter-

128 3527 326 3639 stettin
343 3517 812 3656 tibistincinitis
831 3520 934 3640 titt}
941 3520 1095 3640 1111111ῑῖ

129 3658 250 3709 sentiunt.
285 3657 402 3725 intelligit
420 3667 507 3711 auctor
525 3658 608 3713 villam
627 3658 753 3719 Bicrbnis,
780 3659 900 3723 Bicrbcc,
917 3660 942 3709 in
960 3657 1095 3709 Brabnntia

128 3742 211 3794 prope
227 3727 363 3779 chaniurn
381 3729 462 3781 sitam.
482 3760 512 3770 -
540 3729 587 3853 100)
606 3728 667 3799 ch.
686 3728 728 3792 lv,
746 3730 775 3789 5,
792 3730 835 3782 26.
855 3759 885 3769 -
916 3728 963 3797 11)
981 3728 1000 3781 G
1018 3737 1095 3781 tent-

128 3810 224 3864 por03
241 3797 306 3851 cuni.
323 3797 366 3863 111,
383 3798 425 3851 30.
448 3828 477 3838 -
498 3800 545 3869 12)
582 3814 619 3852 or.
638 3799 657 3866 1,
676 3799 718 3865 12,
737 3799 778 3853 11.
