2460 4162
403 233 457 296 DE
479 234 771 297 TENTATIONR·
1026 235 1086 295 189

393 426 624 488 CAPITULUM
644 427 745 487 XVII.

25 550 67 611 De
113 564 168 623 eo,
189 551 242 625 qui
262 564 437 608 ommonem
453 556 579 624 propter
600 548 723 608 verbum
745 549 956 647 cartenitanum
977 545 1088 606 occidit

104 685 189 748 Duo
210 689 286 747 servi
307 704 343 746 ex
370 687 477 746 familia
497 693 595 746 nostra
615 688 710 750 verbis
730 689 804 746 inter
824 704 857 747 se
875 685 1089 746 contenderunt

35 772 76 834 Ex
113 775 226 850 anlrus
247 792 322 833 unns
343 776 384 832 ita
405 780 449 833 est
470 777 511 833 ira
531 774 739 848 inflammatus,
760 779 792 832 ut
814 776 896 849 quasi
916 775 946 831 in
965 773 1090 831 furorem

41 872 167 935 sersus,
188 860 319 934 alterurn,
340 863 432 919 minus
454 861 523 920 talia
544 864 752 936 suspicantem,
781 867 861 919 extra
887 860 1090 918 monasterium

47 946 70 1005 ei
99 961 263 1007 occurrens
293 946 442 1006 occideret.
494 947 600 1007 Valida
629 953 690 1006 erat
717 947 801 1005 huius
833 949 961 1006 tentatio.
1014 945 1091 1004 Ecce

51 1046 147 1107 quam
166 1033 281 1094 modica
302 1033 423 1092 scintilla
444 1036 473 1091 in
501 1052 639 1110 magnum
666 1035 762 1109 ignem
783 1033 910 1108 profecit.
962 1030 1091 1091 Scintilla

55 1118 101 1189 lu,
128 1122 203 1197 ignis
217 1137 340 1195 sequens
362 1120 554 1180 homicidium.
596 1121 672 1179 Novi
693 1119 804 1194 aliquos
825 1121 865 1179 ita
885 1123 1002 1195 propter
1023 1135 1091 1178 ver-

58 1200 162 1265 bulum
180 1224 270 1266 nnum
291 1213 423 1281 tentatos,
445 1213 477 1264 ut
487 1209 662 1282 apostasiam
681 1209 863 1265 incurrerent.
905 1205 969 1265 Hos
991 1221 1092 1264 revera

62 1290 193 1367 tetigerat
212 1290 295 1352 s'exta
315 1294 402 1370 plaga
422 1292 564 1370 Aegypti,
591 1293 700 1353 scilieet
719 1295 832 1352 vesicae
853 1292 1004 1352 bullientes
1016 1288 1042 1372 ¹),
1062 1289 1093 1351 id
1119 1313 1125 1325 ’

66 1379 113 1451 eti,
134 1381 176 1439 ira
197 1397 263 1439 cum
283 1382 402 1439 insania
444 1380 633 1455 Apostatare,
654 1381 776 1439 insanire
798 1385 850 1439 est.
891 1377 1027 1438 Naturale
1049 1382 1093 1437 est

68 1463 154 1542 ituci
173 1466 224 1526 sed
246 1483 311 1525 cum
333 1472 428 1525 motus
449 1466 525 1526 idem
544 1467 747 1526 immoderatus
769 1471 820 1540 est,
841 1482 893 1542 pro
914 1468 984 1525 vitio
1004 1482 1092 1541 repu-
1170 1504 1177 1516 ‚

72 1552 150 1611 latur.
188 1551 392 1613 NOVICIUS:
421 1553 534 1613 Vellem
563 1554 659 1629 aliqua
686 1570 762 1612 nunc
784 1552 882 1612 audire
904 1551 1036 1628 exempla
1057 1550 1093 1610 de

75 1634 134 1695 vilis
153 1639 298 1717 religiosis,
319 1657 393 1716 quae
414 1641 497 1699 nobis
518 1642 590 1698 iram
610 1645 808 1716 temperarent
831 1644 860 1698 et
880 1638 917 1697 ad
939 1639 1093 1714 patientiae

78 1720 196 1785 virtutem
223 1725 346 1803 amplius
375 1727 572 1786 accenderent.
618 1727 694 1786 Nam
715 1725 793 1802 apud
821 1724 982 1784 saeculares
1010 1725 1094 1782 irasci
1209 1732 1212 1751 ³

82 1809 254 1890 etindignari
281 1815 362 1888 quasi
383 1831 435 1889 pro
464 1813 551 1871 nihilo
583 1813 720 1887 habetur,
749 1818 778 1872 et
805 1814 859 1870 nisi
893 1812 1041 1887 provocati
1061 1826 1093 1869 sc

82 1888 244 1975 uideantur,
264 1918 284 1959 a
305 1903 406 1959 ceteris
422 1899 622 1976 despiciuntur.
664 1897 900 1959 MONAOHUS:
922 1899 976 1958 Vis
997 1896 1095 1956 audire

85 1985 201 2062 exempla,
222 2003 274 2062 per
296 2003 370 2061 quae
393 2003 558 2063 cognosces,
580 2005 667 2062 quam
688 1988 724 2045 sit
744 1985 952 2062 periculosum,
973 1979 1096 2058 Deoqr're

87 2074 243 2148 aunmnm,
264 2074 399 2132 subiectis
421 2076 517 2148 irasci,
540 2084 569 2135 et
588 2073 729 2149 indignari
750 2075 808 2132 suis
829 2071 978 2147 praelatis,
1011 2073 1098 2130 etiarn

87 2147 116 2206 ib
129 2155 175 2217 illis
194 2162 357 2236 provocatis
366 2156 410 2239 ²)?
432 2159 634 2220 NOVIOIUS:
656 2159 741 2219 Volo.
784 2156 1018 2218 MONACHUS:
1040 2158 1096 2215 Di·
1177 2178 1180 2183 ·

88 2248 138 2299 tan
153 2247 201 2305 tibi
222 2248 298 2306 sicut
318 2248 355 2306 ab
379 2249 440 2306 eius
462 2264 510 2306 ore
532 2246 639 2322 audivi,
661 2249 707 2306 cui
729 2248 855 2323 contigit

399 2435 632 2532 senmurum
651 2436 767 2496 xvrn.

151 2556 194 2615 Dc
206 2559 332 2631 ‘Priora
354 2561 403 2617 cui
425 2557 557 2618 Christus
578 2563 610 2618 in
632 2577 717 2618 cruce
738 2565 822 2617 nocte
839 2575 896 2632 per
916 2558 1012 2616 visum

384 2649 526 2720 apparuit
552 2649 640 2721 spinis
662 2646 779 2721 dicatus.

135 2776 211 2842 Prior
238 2780 356 2858 quidam
385 2783 489 2843 ordinis
516 2786 619 2858 nostri,
648 2784 806 2843 virbonus
836 2787 864 2842 et
891 2779 1099 2856 disciplinatus,
1193 2774 1200 2785 '

88 2855 117 2915 ib
132 2864 243 2929 Abbate
272 2886 324 2929 suo
352 2869 418 2947 plus
440 2888 525 2945 quarn
547 2887 665 2930 necesse
688 2877 762 2929 esset
784 2876 812 2928 et
834 2886 922 2943 quam
942 2867 1100 2939 meruisset,

89 2956 254 3015 mechatus
283 2961 341 3031 est,
370 2963 400 3016 et
427 2957 483 3015 hoc
508 2959 629 3032 saepius.
672 2957 718 3015 De
741 2974 799 3032 qua
820 2972 851 3014 re
872 2956 941 3013 satis
962 2959 1101 3026 tentatus,

88 3044 132 3093 iii
148 3047 203 3101 tam
225 3045 432 3116 aequanimiter
453 3043 527 3102 illius
548 3041 713 3123 verbums),
742 3046 816 3102 sicut
838 3041 950 3116 debuit,
978 3040 1101 3099 tolerare

88 3128 168 3189 iiiiii.
208 3128 319 3189 Volens
331 3130 371 3188 illi
387 3130 529 3189 Dominus
547 3131 676 3205 exemplo
695 3148 765 3189 snae
783 3130 922 3205 passionis
944 3135 1101 3203 temperare

89 3200 207 3274 fenerem
221 3218 396 3292 tentationis,
418 3217 567 3276 ostendere
581 3219 675 3292 ctiam,
698 3217 775 3293 quod
796 3216 915 3292 praelati
936 3212 1102 3288 inaequales

89 3300 224 3369 teuniter
237 3309 353 3378 propter
369 3307 464 3380 ipsum
480 3305 573 3362 serent
584 3305 777 3379 supportandi,
799 3303 849 3362 tali
864 3302 993 3376 exemplo
1005 3294 1102 3377 euml)

90 3373 236 3447 hiemavit.
279 3389 382 3449 Visum
397 3397 440 3450 est
455 3393 480 3449 ei
501 3397 586 3449 noete
608 3390 734 3466 quadam
754 3386 840 3468 levit)
874 3404 973 3447 somno
994 3402 1103 3463 presso,

90 3471 149 3537 iiii
173 3477 235 3551 ipse
263 3477 347 3536 simul
379 3495 445 3536 cum
473 3476 589 3536 Abbate
618 3495 671 3537 suo
699 3476 864 3537 crucifixum
888 3481 1028 3551 portaret,
1056 3471 1102 3530 illc

89 3548 236 3621 inuenio
258 3562 366 3640 dextro,
379 3566 441 3641 ipse
462 3581 530 3623 vero
552 3567 582 3623 in
604 3566 724 3624 sinistro.
767 3564 846 3621 Dum
868 3564 908 3622 sio
929 3561 1009 3620 illum
1031 3562 1103 3617 inter

104 3718 216 3789 ¹)Exod.
234 3698 260 3791 9,
277 3730 302 3783 9.
322 3761 353 3772 -
378 3732 410 3799 2)
428 3732 467 3785 Pil
490 3730 737 3801 provocatus,li
756 3731 939 3798 provocati.
962 3756 994 3767 -
1014 3727 1045 3793 3)
1063 3723 1104 3776 Bc

143 3797 246 3851 verba.
266 3830 297 3841 -
316 3800 349 3869 d)
367 3801 408 3855 Bc
425 3818 493 3855 cum
512 3803 667 3872 exemplo.
692 3831 721 3842 -
735 3804 766 3871 5)
784 3801 804 3853 Β
822 3800 897 3851 leni.
