2438 4170
411 235 467 296 nn
485 205 787 298 conversoria(
1050 240 1104 296 rr

66 357 191 420 &mulus
218 345 286 419 Dei‘
304 358 466 418 affirmabat
493 355 689 437 omnimod01)
711 358 772 418 lieri
801 357 920 432 debere,
948 375 1007 416 non
1029 357 1106 433 qnod

66 449 130 523 ipse
155 446 244 506 dese
271 449 463 523 cogitaverat,
491 446 543 505 sed
563 446 641 521 quod
658 445 739 506 Deus
762 445 797 505 de
818 445 866 504 illo
889 441 1106 525 disposuerat2).

56 533 126 610 .Qni
155 535 184 591 in
207 532 308 593 eodem
330 550 485 593 conversus
505 529 648 612 itinere³),
667 533 831 592 valedicens
852 532 981 607 saeculo,
1013 532 1106 593 iactus

67 627 113 681 ost
124 621 284 680 monachus
297 623 327 679 in
342 615 540 699 Claravalle‘).
583 622 669 695 Ecce,
690 621 740 679 ubi
760 623 790 678 in
810 622 865 678 isto
879 619 1012 678 voluntas
1035 636 1107 678 con-

66 701 214 781 vertendi,
241 710 271 766 in
301 724 358 783 quo
388 707 450 767 sola
479 713 597 782 operata
626 714 670 766 est
696 708 830 766 voluntas
851 706 972 782 Spiritus
994 703 1105 765 saucti‘?

66 793 274 855 NOVlCIUS:
295 792 397 854 Placet
417 794 496 870 quod
517 794 595 870 dicis3
618 794 670 853 sed
693 794 738 854 dic
760 811 867 869 quaeso
890 793 1052 867 exemplum
1071 792 1106 852 de

65 881 135 956 hoc,
158 881 235 957 quod
263 882 379 956 quidam
407 899 561 941 econverso
584 888 786 941 convertantur
807 881 868 939 solo
888 883 1024 939 instinctu
1045 881 1106 956 spi·

64 971 141 1029 ritus
161 969 276 1046 maligni
317 967 551 1028 MONACHUS:
573 969 746 1044 Exemplum
766 975 880 1044 praesto
904 964 983 1046 est⁵).

432 1158 664 1219 CAPITULUM
687 1159 743 1218 IX.

173 1259 178 1274 ι
204 1296 252 1356 De
272 1300 458 1356 conversione
478 1300 615 1373 magistri
636 1297 778 1374 Stephani
799 1298 835 1356 de
862 1282 983 1358 Vitrcioss

134 1453 252 1531 Legitur
264 1456 294 1512 in
307 1454 377 1513 Vita
383 1450 405 1534 ε)
427 1457 485 1512 iam
500 1453 567 1513 dicti
580 1456 680 1530 patris,
700 1459 829 1529 tempore
847 1454 972 1530 quodam
993 1455 1106 1513 venisse

65 1540 106 1602 ad
137 1539 356 1600 claramvallem
383 1545 552 1618 magistrum
579 1541 758 1617 Stephanum
791 1541 826 1600 de
854 1541 979 1614 vitreio,
1012 1542 1106 1599 virum

65 1644 192 1705 magnae
206 1631 347 1703 scientiae,
368 1634 401 1687 ut
421 1629 576 1704 putabatur
597 1632 690 1705 gratia
713 1630 914 1686 conversionis.
955 1627 1002 1685 De
1026 1628 1106 1685 cuius

65 1715 198 1775 adventu
219 1733 285 1775 cum
305 1721 366 1774 tota
379 1715 462 1775 vallis
485 1715 646 1789 exsultaret,
668 1732 820 1791 personam
842 1717 914 1772 tanti
934 1716 988 1771 viri
1010 1715 1106 1772 consi-

67 1802 188 1878 derans,
216 1803 319 1862 beatus
348 1802 511 1862 Bernardus
540 1805 569 1860 in
591 1802 663 1860 haec
685 1802 774 1861 verba
795 1803 936 1877 prorupit:
965 1799 1106 1860 Diabolus

67 1906 137 1949 eum
165 1888 298 1965 adduxit3
326 1884 403 1949 solus
433 1891 525 1964 venit,
555 1889 632 1948 solus
661 1895 827 1947 revertetur.
870 1888 1002 1946 Adhuc
1032 1889 1106 1946 euim

65 1983 196 2052 venerat,
217 1983 250 2035 ut
262 1976 403 2052 quosdam
413 1979 553 2051 novicios,
576 1993 648 2052 quos
669 1979 698 2034 in
719 1976 865 2034 literatura
885 1977 946 2050 ipse
968 1974 1106 2033 informa-

66 2070 158 2139 verat,
180 2064 218 2123 ad
233 2063 378 2123 saeculum
396 2063 553 2123 reduceret
595 2063 639 2124 Ne
661 2069 777 2122 sanctus
799 2069 880 2139 pater
902 2061 1107 2121 scandalizaret

65 2151 273 2227 pusillanimos,
294 2151 438 2209 hominem
455 2153 569 2226 recepit,
593 2167 678 2226 quern
699 2168 758 2209 non
771 2157 1020 2226 perseveraturum
1031 2151 1107 2208 scie·

65 2239 132 2316 bat3
161 2243 196 2297 ut
221 2240 350 2298 novicius
378 2238 473 2313 lieret,
503 2241 646 2298 consensit
654 2233 684 2317 ⁷).
726 2237 768 2296 At
796 2239 911 2312 spiritus
948 2235 1106 2312 malignus,

66 2341 136 2385 cum
156 2331 219 2385 toto
243 2325 290 2384 illo
314 2320 418 2405 auuo⁸)
440 2343 491 2402 per
513 2343 545 2384 os
567 2327 612 2385 sui
633 2327 766 2400 mancipii
786 2327 816 2382 in
838 2342 906 2384 aure
928 2325 1106 2382 noviciorum

65 2412 210 2488 sibilaret,
237 2429 291 2472 uec
312 2412 476 2488 proficeret,
498 2429 585 2488 quem
606 2412 644 2471 ad
665 2411 776 2470 illorum
797 2415 907 2470 ruinam
929 2409 1106 2484 adduxerat,

65 2500 170 2575 solum,
197 2499 356 2561 secundum
375 2499 555 2577 prophetiam
576 2501 629 2559 viri
649 2499 722 2574 Dei,
744 2517 809 2558 curn
829 2499 921 2558 multa
943 2497 1106 2557 confusione

65 2586 191 2649 reduxit
232 2585 312 2646 Audi
332 2594 361 2646 et
381 2587 459 2646 aliud
481 2586 644 2663 exemplum
665 2586 701 2645 de
723 2588 825 2645 vicino.

448 2775 681 2837 CAPITULUM
701 2776 742 2836 X.

124 2917 175 2976 De
197 2920 385 2976 occansione
408 2914 539 2977 (leawini
559 2916 726 2990 sucerdotis,
749 2911 803 2992 qci'
822 2916 857 2975 dc
873 2915 1053 2991 probatione

446 3022 514 3063 cum
533 3003 619 3080 storto
640 3003 728 3080 sopit.

133 3124 287 3186 Venerunt
317 3126 354 3185 ad
386 3143 439 3186 nos
472 3125 529 3184 duo
563 3125 726 3186 sacerdotes
757 3127 913 3203 gyrovagi,
948 3127 1108 3200 ingressum

66 3218 209 3290 petentes.
259 3213 306 3272 De
340 3230 462 3289 quorum
492 3216 705 3290 perseverantia
734 3231 800 3273 cum
825 3230 899 3289 pene
926 3210 1005 3271 nulla
1033 3218 1109 3272 esset

85 3397 119 3467 1)
137 3397 180 3450 ΒΡ
198 3399 337 3450 omnino.
351 3428 382 3438 -
402 3396 437 3466 2)
452 3399 514 3451 BDP
532 3399 736 3467 cogitaverit
755 3428 786 3441 -
805 3397 1017 3464 disposuerit.
1031 3428 1061 3437 —
1075 3397 1108 3465 3)

139 3467 160 3518 B
179 3467 217 3520 Et
235 3469 266 3519 in
283 3467 397 3519 eodem
422 3484 602 3522 conversus
626 3470 760 3530 itinere,
779 3468 799 3518 G
816 3468 855 3520 Et
876 3472 905 3519 in
924 3467 1036 3519 eodem
1053 3468 1109 3518 iti-

139 3552 218 3588 ncro
236 3554 429 3590 conversus.
450 3568 480 3577 —
500 3539 532 3606 4)
550 3538 618 3589 coni.
637 3539 687 3589 vir.
706 3539 731 3591 S.
750 3538 871 3590 cernam
894 3538 942 3600 lv,
960 3538 985 3589 3.
1004 3555 1028 3606 p.
1048 3537 1107 3588 901.

141 3636 174 3646 -
193 3607 225 3675 5)
242 3608 421 3676 exemplum
440 3617 573 3676 praesto
591 3615 700 3659 cotom
718 3608 809 3660 Bo-
830 3609 861 3674 6)
879 3608 929 3659 Vll.
948 3608 973 3659 S.
987 3605 1107 3659 Bernurd.

139 3675 160 3728 l.
180 3677 220 3730 13.
239 3693 263 3744 p.
282 3679 341 3731 795.
360 3707 392 3718 -
412 3679 443 3747 7)
462 3679 503 3734 Bc
520 3687 552 3729 ot
570 3686 604 3729 ut
621 3678 773 3730 novicius
796 3678 909 3741 lieret,
933 3693 1022 3744 quem
1044 3691 1108 3728 uon

140 3746 430 3812 perseveraturum
452 3749 487 3817 (0
509 3749 744 3816 perseverare)
767 3748 909 3813 sciebat,
926 3747 1112 3799 consensit,

144 3843 175 3855 ·-
193 3817 224 3886 8)
242 3817 263 3873 G
279 3834 337 3886 par
353 3827 457 3873 toturn
473 3834 586 3873 annum
604 3817 705 3873 illum.
