2460 4162
144 234 205 296 100
436 231 664 296 DISTINC'PIO
684 231 868 333 EEOUNDA

142 360 179 420 dc
200 363 278 418 statu
299 373 367 431 suo,
400 363 429 417 et
458 359 482 415 si
503 356 611 432 aliquid
632 358 744 417 timeret
765 357 801 417 de
821 356 871 415 illa
891 345 1100 432 inobedientia,
1130 372 1175 419 rc·

141 445 271 523 spondit:
292 443 366 503 Non.
394 443 433 502 Et
442 444 559 503 adiecit:
582 443 613 503 Si
628 444 764 503 obediens
785 445 909 517 fuissem,
932 443 1177 521 etEpiscopabun

139 533 220 592 illum
240 524 437 606 suscepissem,
460 531 610 590 damnatus
633 548 725 590 essem
746 531 933 591 aeternaliter.
969 531 1177 608 Subiunxitque

141 621 262 679 verbum
283 618 369 677 valde
390 619 522 678 terribile.
565 617 613 675 Ad
636 617 705 693 hoe,
738 621 847 693 inquit,
869 620 927 676 iam
949 616 1065 677 devenit
1086 625 1176 679 status

140 707 303 779 Ecclesiae,
332 712 364 763 ut
390 722 448 763 non
478 707 514 763 sit
543 704 630 780 digna
650 708 725 781 regi,
754 708 808 764 nisi
829 723 848 764 a
868 706 998 780 reprobis
1019 704 1177 782 Episcopin

141 791 343 853 NOVICIUS:
365 791 503 851 Sanctum
523 790 710 851 Wilhelmum
731 788 971 871 Bituricenscm1)
993 793 1177 868 Episcopum,

142 883 190 957 qui
212 886 279 938 ante
299 896 408 954 paucos
430 895 520 937 annos
543 877 691 937 defunctus
715 885 765 952 est,
787 896 849 938 esse
869 877 904 937 de
926 896 1045 938 numero
1069 879 1178 939 electo·

140 986 220 1042 rum,
257 967 357 1025 crebra
386 969 446 1025 eius
475 971 615 1024 testantur
641 966 788 1041 miracula„
837 964 1073 1025 MONAOHUS:
1103 965 1177 1026 Puto

141 1054 221 1112 illum
243 1053 363 1112 verbum
384 1058 443 1111 tarn
464 1051 596 1112 horribile
619 1059 717 1111 contra
737 1053 896 1127 Episcopos
909 1051 1109 1127 proferendo,
1129 1071 1177 1113 re-

139 1144 268 1217 spexisse
290 1140 327 1198 ad
350 1138 558 1198 multitudinem
580 1138 729 1212 malorum,
752 1146 780 1198 et
802 1139 840 1198 ad
861 1141 1005 1198 raritatem
1027 1140 1177 1215 bonorum,

138 1235 166 1288 et
184 1226 268 1304 'quod
297 1226 418 1285 eandem
447 1229 593 1285 raritatem
621 1229 716 1302 exigat
743 1226 850 1284 malitia
879 1225 1073 1301 subditorum,
1105 1229 1178 1286 sicut

137 1320 258 1374 testatur
281 1331 363 1372 sacra
385 1315 531 1388 scriptura,
554 1312 665 1371 diceus:
690 1315 749 1390 Qut
769 1331 895 1388 reynero
907 1313 983 1388 fucit
992 1314 1178 1390 hypocritam

133 1408 259 1476 propter
274 1408 400 1475 peccatu
416 1396 563 1475 populffi).
606 1398 809 1459 NOVICIUS:
830 1399 1020 1474 Relinquetur
1042 1399 1177 1476 engelro-

136 1506 200 1546 rum
223 1489 328 1562 oratio,
359 1489 425 1561 quia
454 1503 584 1561 eaquae
606 1487 720 1546 residua
741 1493 808 1544 sunt
829 1486 865 1546 de
888 1489 1056 1546 contritione
1078 1485 1177 1547 audire

138 1575 277 1634 desidero.
320 1573 555 1633 MONACHUS:
587 1573 671 1649 Quod
694 1574 801 1631 dictum
823 1580 867 1631 est
889 1573 925 1632 de
945 1573 1048 1648 puellis
1067 1574 1175 1650 bapti·

137 1665 207 1721 natis
231 1667 260 1720 et
282 1660 317 1719 de
338 1661 498 1736 Episcopis,
520 1660 558 1718 ad
581 1663 777 1719 contritionem
799 1663 1019 1735 pertinetque
1040 1662 1070 1718 in
1092 1660 1176 1721 edul-

136 1751 173 1808 tis
195 1751 256 1808 sine
279 1751 446 1808 contritione
467 1747 538 1805 nihil
559 1747 658 1805 salutis
666 1744 686 1826 ³)
710 1755 843 1822 operatur
865 1748 1034 1822 baptismus,
1056 1753 1086 1807 et
1105 1746 1177 1824 Epi·

137 1853 291 1910 scoporum
314 1843 369 1910 est,
402 1835 510 1894 mederi
521 1831 542 1914 t)
567 1837 692 1893 contritis
715 1834 815 1908 corde,
845 1836 1036 1894 consessiones
1063 1834 1177 1894 illorum

137 1922 316 1997 recipiendo,
349 1928 378 1980 et
409 1924 612 1997 poenitentiam
646 1920 828 1997 iniungendo.
879 1920 962 1980 Unde
992 1923 1059 1995 quia
1091 1922 1177 1997 pauci

43 2037 47 2042 ·
137 2011 226 2068 nostri
248 2011 381 2083 temporis
392 2006 412 2088 ⁵)
424 2010 560 2084 Episcopi
581 2010 608 2065 in
631 2007 682 2066 tali
703 2009 822 2084 physica
837 2007 959 2083 student,
981 2014 1009 2066 et
1018 2011 1178 2082 practicam

139 2098 200 2154 cius
221 2097 315 2153 minus
338 2103 483 2170 exercent,
506 2098 579 2154 iuste
601 2095 754 2181 aliquando
777 2113 796 2154 a
817 2096 952 2154 subiectis
974 2101 1003 2154 et
1024 2092 1177 2177 infirmu0)

136 2182 306 2241 indicantur.
1176 2186 1181 2197 '

450 2475 683 2536 omrnuuuu
701 2476 822 2535 xxix.
836 2472 866 2556 c)

139 2636 187 2694 De
207 2634 353 2710 episcopo
374 2633 590 2707 Lornbardiae,
620 2638 672 2709 qui
694 2635 820 2693 ostendit
842 2634 1011 2693 Christiano
1031 2633 1179 2711 Episcopo

209 2722 432 2796 Mopuntincraoi
452 2725 575 2780 nomino
596 2721 651 2779 sib-i
672 2725 894 2780 commissorum
915 2725 947 2779 ia
969 2721 1110 2781 chartula

575 2812 748 2884 commonia.

203 2980 346 3055 Tempore
367 2980 509 3039 Frederici
530 2980 729 3055 Imperatoris,
758 2983 806 3039 avi
833 2980 917 3038 huius
939 2979 1099 3055 Frederici,
1129 2981 1180 3056 qtri

138 3084 214 3125 nunc
241 3073 356 3143 regnat,
390 3067 506 3127 sedente
530 3066 689 3125 Christiano
711 3067 855 3142 Episcopo
877 3063 1075 3146 Magunb'ac')
1098 3069 1180 3127 iuxta

138 3152 281 3230 quendam
303 3153 479 3230 Episcopum
500 3151 736 3233 Lombardiae⁸),
758 3157 911 3230 requisitus
934 3154 1036 3213 catab
1058 3152 1127 3228 illo,
1154 3156 1178 3213 si

138 3248 237 3300 nosset
263 3258 362 3299 omnes
390 3241 536 3316 Episcopii
565 3244 608 3299 sui
634 3242 772 3300 homines.
816 3240 988 3300 Subridcnte
1016 3240 1180 3316 Episcopo,

138 3345 173 3388 ac
194 3327 399 3403 respondente:
431 3329 506 3386 Puto
528 3327 734 3403 Episcopatum
756 3345 853 3386 meum
874 3346 932 3386 non
954 3330 1092 3387 minorem
1116 3346 1180 3389 esse

140 3421 201 3475 tota
222 3415 412 3491 Lombardie3
442 3417 557 3490 expavit
586 3415 679 3473 bonus
712 3433 747 3474 ac
776 3414 913 3474 sollicitus
934 3415 1094 3490 Episcopus
1116 3414 1181 3490 ille,

155 3600 503 3670 turcomannorum
523 3600 597 3652 luo.
617 3630 647 3639 —
667 3601 699 3666 2)
717 3599 764 3652 lob
783 3602 826 3664 ³4,
844 3602 885 3653 30.
898 3630 927 3639 -
947 3599 980 3668 3)
998 3600 1120 3653 salutis
1138 3617 1182 3654 orn

204 3670 254 3722 Bc.
275 3699 306 3709 -
326 3672 357 3737 4)
377 3669 397 3722 G
414 3669 550 3721 medere.
572 3701 601 3709 -
622 3671 653 3737 5)
672 3670 693 3724 G
710 3671 915 3737 temporibus
941 3672 1075 3723 nostris.
1096 3702 1128 3710 —
1147 3671 1183 3738 6)

206 3739 279 3792 cru
303 3739 446 3790 infirmis
474 3747 504 3790 et
522 3739 694 3792 subiectis.
714 3770 746 3778 -
765 3740 798 3807 ⁴²]
817 3740 905 3791 llomil.
923 3740 952 3792 ll.
971 3756 996 3808 p.
1016 3741 1075 3793 100.
1096 3771 1127 3780 -
1148 3744 1182 3811 7)

206 3809 445 3879 lllloguntiae.
467 3839 496 3848 -
516 3810 548 3878 8)
567 3809 606 3862 BP
624 3808 882 3878 longobardiae.
