2460 4162
141 233 181 290 42
467 227 693 290 DISTINOTIO
713 228 842 290 PRIMA

18 388 21 397 ·
44 399 49 406 .
139 352 223 411 nimis
243 351 367 428 longam,
387 357 474 426 puteo
498 359 663 411 eructuante
678 347 695 431 ¹)
716 352 846 411 flammas
869 350 1052 427 sulphureas,
1080 349 1178 410 Lant-

140 440 256 515 gravius
277 441 349 498 inter
369 438 504 496 scintillas
526 438 712 497 ascendentes
735 438 818 497 simul
840 438 996 498 ascendens
1008 433 1048 517 ²),
1070 436 1178 497 viden-

141 525 210 584 dum
232 542 263 582 se
285 525 385 584 clerico
408 525 482 584 collo
504 533 586 584 tenus
607 526 748 600 praebuit.
791 525 839 583 Ad
869 543 954 600 quem
981 526 1034 582 ait:
1062 524 1140 584 Ecce
1153 521 1176 604 ³)

139 618 255 689 praesto
276 630 340 670 sum
361 613 446 671 miser
466 612 513 670 ille
533 611 738 688 Lantgravins,
770 613 915 687 quondam
937 610 1066 670 dominus
1088 618 1176 688 tuus,

141 705 170 758 et
191 700 299 756 utinam
320 716 466 773 nunquam
487 705 581 758 natus.
625 698 679 756 Cui
702 699 835 758 clericus:
862 699 974 758 Missus·
989 715 1053 756 sum
1075 715 1094 755 a
1115 698 1176 757 filio

141 792 245 859 vestro,
267 792 299 843 ut
320 788 346 843 ei
367 788 531 845 renunciare
553 787 661 860 possim
683 784 718 844 de
733 778 809 844 statu
823 793 935 860 vestr03
958 791 987 843 et
1000 787 1062 842 siin
1076 785 1176 859 aliquo

139 875 259 947 potestis
281 874 388 946 iuvari,
419 872 488 929 mihi
511 872 603 930 dicere
626 871 745 931 debetis.
787 872 947 948 Respondit
967 871 1029 929 ille:
1060 870 1177 930 Statum

140 958 421 1018 meumbenevides.
453 957 519 1017 Hoc
541 965 637 1017 tamen
659 962 741 1033 scias,
763 962 831 1033 quia
853 962 876 1017 si
894 959 943 1016 filii
956 961 1013 1016 mei
1025 960 1177 1018 restituere

140 1046 248 1105 vellent
268 1046 339 1104 tales
360 1048 555 1120 possessiones
576 1046 675 1103 talium
697 1046 889 1120 ecclesiarum,
910 1048 1029 1121 propriis
1050 1047 1178 1103 nomini·

141 1133 196 1192 bus
219 1149 268 1191 eas
291 1128 465 1207 ciprimens,
487 1149 559 1207 quas
579 1132 649 1189 mihi
669 1135 771 1190 iniuste
793 1134 943 1208 usmpavi,
966 1138 995 1191 et
1015 1133 1068 1190 sub
1091 1131 1176 1191 titulo

142 1219 311 1279 hereditario
339 1221 407 1295 ipsis
429 1218 542 1293 reliqui,
574 1236 710 1294 magnum
740 1221 851 1278 animae
873 1235 954 1277 meae
973 1216 995 1298 ⁴)
1018 1217 1178 1278 conferrent

141 1304 305 1365 remedium.
350 1303 402 1363 Cui
424 1323 490 1364 cum
511 1305 629 1363 clericus
642 1302 663 1383 ⁵)
686 1305 804 1364 diceret:
825 1306 958 1379 Domine,
978 1323 1036 1364 non
1058 1304 1178 1365 credent

141 1392 226 1467 mihi3
259 1392 418 1468 respondit:
447 1392 510 1467 Ego
533 1390 626 1450 dicam
646 1393 698 1450 tibi
719 1394 844 1468 signum,
878 1393 955 1467 quod
982 1409 1067 1450 nemo
1095 1395 1178 1451 novit

140 1486 254 1555 praeter
274 1496 321 1537 me
343 1485 372 1538 et
392 1478 464 1537 filios
486 1495 574 1537 meos.
607 1477 746 1554 'Accepto
769 1482 859 1555 signo,
885 1487 913 1538 et
934 1479 1117 1555 Lantgravio,
1139 1495 1177 1538 co

141 1566 272 1640 vidente,
293 1557 393 1644 mox⁶)
415 1572 502 1641 puteo
524 1567 670 1640 immerso,
703 1583 755 1641 per
777 1567 946 1624 daemonem
966 1566 1100 1625 reductus
1123 1573 1178 1624 est.

143 1653 199 1729 Qui
219 1652 286 1711 licet
306 1655 395 1711 vitam
415 1670 473 1710 non
494 1651 660 1727 perdiderit,
687 1655 728 1710 ita
750 1660 845 1712 tamen
866 1653 989 1728 pallidus
1012 1659 1040 1711 et
1060 1652 1178 1728 langui-

143 1739 197 1799 dus
217 1740 314 1812 rediit,
346 1746 379 1798 ut
405 1741 454 1798 vix
474 1746 683 1815 agnosceretur.
725 1738 824 1798 Verba
856 1743 944 1814 petris
972 1739 1037 1798 filiis
1064 1739 1176 1814 retulit,

143 1829 224 1903 signa
247 1827 377 1900 ostendit,¹
399 1825 450 1886 sed
471 1827 615 1884 modicum
636 1826 675 1883 illi
696 1827 808 1902 profuit.
851 1826 916 1885 Non
933 1823 953 1907 1)
974 1829 1003 1884 in
1025 1826 1080 1885 hoc
1104 1842 1178 1898 con-

143 1916 247 1972 sentire
268 1914 428 1987 voluerunt,
448 1919 481 1970 ut
501 1915 695 1989 possessiones
719 1916 905 1972 restituerent.
948 1912 1108 1987 Respondit
1127 1919 1179 1972 ta·

142 2016 209 2058 men
229 1999 400 2059 Lodewicns
420 2000 610 2076 Lantgravius
633 2000 749 2058 clerico:
782 2000 871 2076 Signa
893 2016 1044 2076 cognosco,
1064 2005 1178 2076 patrem

143 2103 240 2144 meum
261 2094 289 2145 te
310 2085 415 2145 vidisse
436 2103 494 2144 non
516 2086 623 2159 dubito,
644 2089 821 2161 propositum
831 2084 854 2165 ⁸)
876 2088 926 2145 tibi
939 2089 1096 2162 praemium
1108 2085 1179 2147 dare

143 2189 201 2232 non
222 2190 319 2231 renuo.
362 2172 411 2230 Ad
432 2190 518 2247 quem
538 2173 603 2231 ille:
624 2173 759 2246 Domine,
781 2176 866 2232 curtis
888 2180 984 2233 restra
1004 2174 1088 2232 vobis
1109 2191 1179 2233 ma-

143 2257 258 2339 neat⁹);
281 2276 334 2337 ego
358 2261 490 2336 cogitabo
514 2259 582 2334 quid
596 2262 707 2318 animae
721 2277 803 2318 meae
818 2260 958 2336 expediat.
1001 2260 1179 2335 Relictisque

143 2346 290 2420 omnibus,
321 2347 413 2404 factus
446 2352 489 2404 est
520 2346 677 2405 monachus
703 2349 733 2404 in
755 2347 852 2405 ordine
875 2347 1071 2421 Cisterciensi,
1104 2363 1178 2406 con-

143 2439 273 2492 temnens
293 2429 321 2511 ¹⁰)
339 2450 452 2492 omnem
468 2433 594 2492 laborem
612 2430 640 2512 ¹¹)
655 2435 791 2492 sustinere
805 2434 999 2509 temporalem,
1021 2433 1178 2493 dummodo

142 2537 265 2596 poenam
288 2519 423 2578 evaderet
443 2526 595 2578 aeternam.
638 2520 715 2578 Ecce
736 2521 826 2579 habes
847 2523 902 2580 tria
924 2520 1069 2596 exempla,
1098 2520 1179 2594 quod

144 2606 258 2681 quidam
292 2613 492 2667 convertantur
519 2609 619 2665 timore
649 2607 696 2666 vel
724 2610 832 2667 visione
860 2625 971 2683 poenae
1000 2607 1179 2683 gehennalis.

142 2694 262 2753 Possem
284 2694 335 2752 tibi
357 2693 457 2752 dehis
479 2694 573 2753 adhuc
595 2693 677 2769 plura
700 2694 802 2768 dicere,
824 2694 874 2752 sed
896 2696 925 2752 in
939 2694 1001 2752 aliis
1015 2693 1179 2752 distinctio·

143 2781 227 2839 nibus
248 2797 376 2856 propono
397 2781 449 2839 tibi
470 2781 518 2839 illa
534 2778 562 2860 ¹²)
575 2779 721 2841 disserere.
752 2779 955 2841 NOVICIUS:
977 2780 1008 2839 Si
1029 2780 1098 2838 talia
1119 2780 1178 2840 ho-

142 2870 233 2926 mines
254 2867 351 2926 videre
372 2874 498 2943 possent,
520 2875 589 2943 puto
614 2871 680 2943 quia
697 2875 758 2926 tam
776 2865 803 2947 ¹³)
826 2867 913 2927 libere
935 2884 992 2926 non
1014 2874 1178 2942 peccarent.

141 2951 376 3013 MONACHUS:
398 2953 444 3012 Ita
466 2960 562 3014 estut
584 2955 662 3014 dicis.
691 2953 769 3013 Audi
791 2954 885 3013 adhuc
902 2950 931 3034 11)
954 2954 1031 3029 quod
1045 2962 1180 3028 superest

162 3174 421 3243 lJlleructante.
448 3175 536 3225 Homil.
555 3175 584 3227 11.
604 3191 628 3240 p.
647 3176 694 3227 85:
722 3175 881 3243 liquorem
899 3175 937 3224 de
963 3183 1097 3242 gutture
1115 3189 1178 3226 suo

211 3253 393 3296 eructuans.
412 3243 484 3296 Conf.
502 3245 566 3296 inlm
584 3244 626 3308 lV,
643 3246 685 3296 22.
704 3245 746 3308 xi,
764 3248 788 3297 7.
808 3275 838 3283 —
858 3245 890 3312 2)
907 3244 949 3295 BD
968 3243 1116 3295 ascendit
1135 3253 1178 3296 ct.

213 3344 244 3353 —
264 3313 296 3380 3]
314 3330 389 3365 cccc
407 3330 447 3365 om
466 3313 492 3366 G.
513 3343 543 3353 -
572 3316 710 3383 4)meac
728 3330 768 3365 om
786 3314 838 3365 BD.
856 3343 886 3352 —
916 3315 947 3381 5]
966 3314 1107 3365 clericus
1134 3329 1178 3366 om

211 3382 321 3450 c.-6)
338 3399 406 3434 mox
424 3382 573 3435 arduu-
593 3384 624 3450 7)
643 3383 720 3436 Cadd
739 3387 874 3434 enim—
889 3384 921 3451 8)
939 3383 960 3436 C
976 3385 1176 3450 promissum.

213 3483 243 3491 -
263 3453 294 3520 9)
313 3453 332 3505 C
350 3462 525 3504 remaneat.
545 3482 576 3492 -
597 3454 645 3521 10)
663 3454 683 3504 Β
701 3469 762 3504 non
786 3462 984 3518 contemtus,
1002 3452 1021 3505 C
1039 3461 1179 3505 conton-

211 3521 297 3573 denr.
326 3522 509 3585 inimicat:
536 3522 698 3574 vermibus
723 3525 894 3575 morituris
912 3524 1105 3585 contemtis,
1122 3524 1179 3574 irn-

211 3592 368 3643 mortales
396 3593 544 3660 effugere
571 3595 719 3659 cupiens,
754 3602 817 3643 tum
850 3594 966 3644 timore
993 3592 1177 3661 gehennae,

211 3669 274 3712 tum
298 3677 404 3713 amore
428 3661 586 3712 coelestis
605 3664 744 3729 patriae,
761 3662 862 3714 nudus
880 3678 912 3713 se
932 3679 1030 3728 super
1047 3678 1176 3714 vermes

210 3732 357 3782 iactavit.
384 3761 415 3772 -
444 3731 491 3797 11)
515 3731 535 3784 G
560 3733 807 3798 poenitentiam.
827 3761 858 3771 -
888 3732 935 3799 12)
962 3731 1003 3784 ΒΡ
1029 3731 1084 3783 illa
1111 3732 1198 3784 tibi-

211 3816 360 3868 propono.
381 3831 411 3840 -
432 3800 480 3869 13)
498 3800 518 3853 G
535 3801 619 3869 qnod
636 3803 690 3854 ita.
710 3831 740 3841 -
761 3803 810 3871 tt)
828 3801 932 3854 adhuc
949 3817 991 3854 om
1008 3801 1035 3855 C.
