2438 4170
97 232 159 292 lau
408 228 637 292 marmeno
658 229 809 294 TERTIA

93 353 162 414 dam
182 354 242 428 brit,
264 369 352 428 qnam
374 352 497 414 daemon
519 354 643 429 qnidam,
665 371 700 414 eo
719 371 777 430 qne
790 352 972 430 praedicbrm
987 352 1107 416 cdmod

93 444 226 516 corrupit
269 440 393 500 Sedente
417 458 452 499 ea
473 440 519 500 die
542 441 667 516 quadam
693 443 724 500 in
751 442 887 517 taberna,
916 440 1015 502 cordis
1043 458 1107 521 cusq

92 527 236 589 delectum
258 530 371 586 sentire.
414 528 588 603 'limensque
609 527 712 587 adesse
733 535 864 604 mortem,
884 531 988 588 vocari
1009 529 1064 588 sibi
1085 546 1107 589 a

91 615 178 675 larius
199 616 302 689 petivit
321 614 508 674 sacerdotem.
552 615 606 674 Oui
639 632 705 674 cum
732 614 881 674 daemonis
908 614 1107 675 ludificatione.

7 712 10 717 '
93 708 122 762 et
142 700 314 760 horrendam
334 700 413 760 illam
434 719 492 776 qna
513 708 624 777 septem
645 703 728 760 armis
749 701 932 761 laboraverat
952 704 1107 763 commixtis

91 806 159 848 nem
181 788 313 861 dixisset,
340 787 438 864 lingna
466 787 615 848 deficiente
642 791 672 846 in
699 791 763 863 ipsa
792 789 973 849 consessione
1004 791 1107 865 spiritur

92 875 206 936 efflavit
250 874 331 950 Quae
344 879 419 934 'cum
438 874 594 934 incredibili
613 874 730 934 libidine
751 893 770 934 a
786 874 912 934 libidinis
940 883 1061 937 auctora
1077 890 1107 937 vr

91 969 221 1037 xaretur,
245 964 397 1036 'nunquam
419 962 504 1022 alicui
525 962 619 1023 dicere
640 961 746 1037 voluit,
773 962 822 1022 vel
854 965 951 1038 potius
981 980 1054 1023 ausa
1071 978 1107 1023 ud

90 1050 155 1124 fuit,
184 1047 247 1122 vel,
276 1049 353 1123 quod
376 1048 537 1108 credibilius
559 1056 615 1123 est,
643 1051 673 1107 in
702 1048 776 1108 illius
802 1066 901 1109 amore
922 1049 1107 1110 delectabatur

92 1135 297 1196 NOVlCIUS:
326 1135 358 1195 Si
387 1136 540 1194 daemones
568 1136 649 1211 talia,
678 1154 744 1195 cum
771 1138 811 1194 eis
839 1139 1012 1212 permissum
1032 1136 1107 1197 unit

91 1223 186 1283 iacere
208 1230 343 1298 possunt,
372 1222 456 1281 valde
479 1223 639 1282 cavendum
661 1229 704 1282 est
724 1223 848 1296 seminis,
876 1240 914 1284 ne
936 1226 980 1284 eis
1000 1223 1107 1283 cccade

90 1327 158 1370 nem
179 1310 343 1384 praebeant,
365 1309 413 1368 vel
434 1309 530 1384 aliquo
553 1327 693 1369 consensu
710 1327 795 1385 posse
817 1311 955 1369 tribuant.
995 1306 1107 1371 MOM-

91 1395 209 1457 uHUS:
238 1396 303 1455 Non
332 1396 425 1455 solum
451 1398 480 1454 in
501 1397 546 1455 bis
569 1396 729 1456 cavendnm
751 1403 794 1462 est
815 1397 1000 1472 mulieribus,
1025 1394 1107 1457 oedd

90 1486 166 1558 viris,
188 1485 256 1558 quia
270 1485 350 1559 ,sicut
371 1483 524 1542 daemones
544 1501 597 1558 per
616 1483 722 1543 formas
744 1485 878 1558 virorum,
900 1491 933 1543 ut
955 1483 1107 1544 dictmnfli

89 1571 209 1631 seminas
231 1569 379 1629 ludificant
400 1577 429 1628 et
450 1577 648 1646 corrumpunt,
676 1572 717 1628 ita
745 1587 797 1644 per
826 1573 937 1647 species
957 1571 1107 1631 seminum

89 1660 167 1717 viros
196 1656 337 1716 seducunt
365 1664 395 1715 et
424 1657 576 1733 decipiunt
619 1655 698 1733 Lege
720 1658 927 1733 Vitaspatrum,
950 1664 979 1717 et
998 1656 1107 1717 invado

88 1745 130 1805 ibi
151 1743 291 1820 quosdam
312 1747 389 1803 viros
410 1744 551 1820 perfectos
571 1761 624 1820 per
645 1744 846 1820 phantasmata
870 1745 1019 1805 mulierum
1037 1740 1107 1803 delu-

87 1830 157 1905 sos,
188 1831 346 1890 confractos
379 1837 409 1890 et
437 1830 572 1891 deiectos.
613 1830 718 1890 Dicam
745 1831 798 1889 tibi
825 1838 854 1891 et
875 1831 934 1892 alia
954 1822 1107 1909 exempw)

90 1919 194 1994 quibus
222 1935 378 1995 cognosces
411 1920 488 1977 viros
522 1936 541 1977 a
570 1917 756 1978 daemonibus
784 1920 814 1977 in
845 1920 943 1997 specie
975 1916 1107 1978 mulam

89 2004 259 2064 ludificatus.

463 2195 696 2256 CAPITULUM
716 2195 758 2255 X.

149 2319 196 2377 Dc
217 2318 359 2377 Julianus
380 2318 559 2378 Scholastica
581 2321 734 2391 Peumiae,
756 2320 809 2394 qui
830 2336 899 2379 cum
920 2318 1054 2378 dacum

448 2406 549 2482 fertur
571 2405 766 2465 obsurduisse.

156 2545 290 2603 Prumiae
312 2543 506 2604 scholasticus
529 2544 646 2620 quidam
666 2544 730 2619 fuit,
752 2542 902 2604 Johannes
922 2545 1045 2617 nomine,
1070 2550 1107 2595 v

90 2631 206 2708 quidem
228 2634 297 2690 satis
327 2631 473 2707 literatus,
506 2632 557 2691 sed
578 2631 650 2691 levis
672 2637 701 2690 et
721 2631 846 2690 lubricus
855 2627 886 2712 ²).
917 2631 980 2705 Isti,
1000 2614 1107 2715 sicut&¹

90 2736 124 2778 eo
148 2719 310 2792 dicebatur,
338 2725 367 2777 et
388 2722 460 2777 sicut
481 2719 518 2778 ab
541 2718 658 2778 Abbate
681 2719 808 2777 eiusdem
829 2719 992 2778 monasterii
1011 2713 1107 2776 auur

88 2807 194 2865 femina
217 2805 358 2881 quaedam
379 2809 564 2880 promiserat,
586 2805 663 2881 quod
685 2805 735 2864 tali
755 2811 840 2864 nocte
861 2804 899 2864 ad
921 2822 987 2865 eum
1006 2802 1107 2864 raude

90 2892 183 2952 Necte
205 2892 351 2967 condicta,
383 2893 432 2950 illa
461 2892 576 2967 quidem
597 2910 655 2951 non
676 2894 770 2966 venit,
801 2892 852 2951 sed
878 2893 908 2949 in
941 2894 1000 2951 eius
1026 2878 1107 2965 suaei

90 2979 285 3054 consimilique
314 2996 386 3038 voce
417 2978 548 3038 diabolus
584 2979 677 3038 clerici
703 2979 808 3038 lectum
827 2978 978 3038 'ascendit
1029 2976 1107 3052 Qucl

89 3072 196 3142 putans
218 3066 350 3124 seminam
374 3066 446 3124 bene
469 3067 523 3125 sibi
544 3073 642 3126 notam
665 3083 742 3141 esse,
765 3068 900 3142 cognovit
921 3083 995 3124 cum.
1033 3061 1107 3121 Man

95 3170 224 3229 surgens,
247 3170 312 3211 cum
334 3151 510 3227 daemonem,
532 3171 618 3228 quem
626 3150 647 3232 ³)
667 3154 800 3212 seminam
816 3169 879 3212 esse
891 3153 1009 3228 putavit,
1027 3156 1107 3225 egre*

96 3239 295 3314 compelleret3
328 3239 474 3314 respondit
503 3240 566 3299 ille:
599 3240 671 3298 Cum
700 3258 756 3315 quc
787 3246 872 3314 putas
900 3245 929 3297 te
960 3238 1014 3298 bac
1037 3228 1107 3295 nuci

95 3325 238 3386 iacuisse?
284 3325 413 3401 Cumque
434 3327 481 3385 ille
514 3326 634 3402 diceret,
666 3344 731 3386 cum
760 3326 809 3384 tali
835 3326 955 3401 semina3
981 3308 1107 3398 respond

92 3412 229 3473 daemon:
263 3412 466 3489 Nequaquam,
494 3414 546 3473 sed
575 3432 641 3474 cum
670 3414 793 3473 diabolo.
835 3412 884 3471 Ad
906 3411 983 3488 quod
1003 3408 1107 3471 ambul

107 3600 139 3669 1)
156 3599 220 3652 sne
238 3598 298 3650 um
316 3608 348 3651 et
366 3599 472 3667 aliqua
500 3560 658 3666 exessu,
676 3598 769 3652 cum
794 3597 941 3666 exempla
961 3596 1032 3648 arra.
1046 3580 1107 3641 Α

158 3669 336 3738 Gregcrdlial.
350 3670 391 3732 lV,
406 3671 456 3721 52:
469 3686 567 3737 nsque
581 3669 618 3720 ad
631 3677 770 3721 aetatem
783 3668 981 3735 decrepitam
993 3666 1107 3746 leving

157 3738 305 3791 lubricus
332 3741 472 3792 exstitit.
507 3739 549 3806 lV,
567 3740 617 3792 37:
645 3739 816 3791 luxurioso
834 3737 1065 3823 salubriqu-
1083 3740 1107 3779 ὲ

152 3809 320 3881 Aliquam.
