2438 4170
1001 120 1016 159 Ι

89 231 152 290 378
388 224 638 289 -Dlst‘nicrro
666 227 802 290 SEXTA

89 350 238 424 omnibus,
262 349 340 426 quod
359 352 400 427 is,
429 358 515 427 quem
543 352 590 412 ille
612 354 724 428 iniquus
740 348 757 431 ¹)
779 351 952 428 impetierat,
985 358 1055 411 esset
1071 353 1105 411 vir

90 437 212 514 simplex
234 443 263 496 et
283 438 385 511 bonus,
405 439 490 497 iudex
510 439 663 515 prudenter
682 456 779 515 agens,
801 439 863 497 sure
885 439 1010 513 absente,
1029 441 1105 498 omni·

89 542 140 584 um
168 541 306 600 equorum
335 525 419 584 sellas
441 532 470 585 et
490 526 570 585 frena
592 527 710 602 deponi,
738 527 838 600 sieque
860 541 910 585 eos
930 526 960 583 in
980 525 1103 585 stabulum

92 612 158 671 duoi
179 614 332 686 praecepit.
376 612 440 687 Quo
469 613 561 688 sacto,
592 612 661 671 dixit
687 612 725 672 ad
752 613 860 671 furem:
888 612 966 671 Intra
993 618 1021 671 et
1045 611 1103 671 edne

90 715 196 774 equum
217 705 307 756 tuum.
349 699 469 758 Intravit
489 699 552 774 ille,
584 707 614 759 et
641 698 758 758 adduxit
787 704 897 774 equum
916 696 1035 778 loras2),
1057 715 1102 757 nor

89 791 187 844 tamen
217 784 313 859 illum,
345 802 431 861 quem
458 788 487 844 in
518 792 602 861 porta
630 787 684 845 sibi
713 785 823 844 dixerat
853 785 940 846 fuisse
970 785 1102 845 sublatum

89 871 155 931 Non
187 874 262 931 enim
290 871 373 947 plene
401 879 470 932 tuno
499 890 566 932 eum
595 873 831 932 consideraverat
881 872 964 932 Tune
990 872 1103 930 omnibns

88 957 255 1032 ridentibus,
277 965 306 1017 et
327 961 407 1018 euius
430 977 520 1035 equus
536 966 611 1019 esset
629 966 779 1033 extractus,
800 959 889 1018 iudioi
909 959 1103 1035 exponentibus,

90 1045 206 1105 dolosus
227 1045 274 1104 ille
296 1046 424 1122 patibulo
442 1064 587 1122 appensus
609 1053 659 1106 est.
702 1046 792 1106 Vides
813 1063 891 1106 nuno
912 1045 1027 1121 qualiter
1036 1045 1102 1105 Dens

88 1135 118 1191 in
139 1132 318 1208 simplicitate
339 1133 518 1192 ambulantes
540 1139 686 1208 protegat,
715 1139 745 1192 et
770 1132 845 1192 male
875 1139 984 1192 astutos
1002 1129 1103 1208 punisti
1131 1196 1141 1209 ,

57 1269 59 1273 ,
88 1217 292 1279 NOVICIUS:
313 1219 459 1279 Recordor
470 1227 499 1279 te
513 1223 642 1295 superius
659 1219 771 1293 dixisse,
792 1237 917 1297 poenam
930 1220 1036 1296 peceati
1053 1234 1104 1279 esse

90 1306 203 1365 aDeo.
245 1304 478 1366 MONACHUS:
508 1307 593 1382 Quod
613 1325 632 1366 a
653 1306 717 1365 Deo
739 1309 776 1365 sit
797 1309 889 1367 omnis
917 1301 1052 1384 poena³),
1067 1311 1104 1364 to·

89 1395 141 1452 stis
169 1400 213 1452 est
233 1391 324 1452 Amos
352 1393 497 1468 Propheta
527 1394 638 1453 dioens:
673 1393 781 1452 Siarit
803 1395 972 1453 malamina
991 1395 1104 1463 rwiwb,

90 1481 173 1554 quod
184 1481 332 1539 Dominus
353 1498 415 1539 noa
424 1476 578 1556 serenavi
609 1480 683 1538 Item
697 1480 837 1539 Dominus
851 1496 904 1555 per
917 1479 1034 1538 Isaiann
1052 1478 1107 1553 Epo

88 1567 253 1639 Dominus,
276 1566 414 1642 formano
436 1568 530 1625 lucem
552 1575 580 1626 et
600 1585 703 1626 ereans
726 1565 868 1639 tenebras,
888 1567 1109 1643 facienspraeter

91 1660 118 1712 et
140 1671 243 1711 creona
263 1655 378 1713 molum
390 1650 421 1724 ⁵).
464 1653 574 1712 Malum
597 1655 665 1712 dieit
684 1670 807 1729 poenam
829 1659 859 1712 et
875 1646 1111 1730 tribulationem‘),

90 1756 165 1814 quae
184 1741 358 1815 patientibus
379 1740 510 1798 videntur
532 1741 622 1815 mala,
644 1741 711 1800 licet
731 1742 760 1798 in
780 1757 812 1800 se
834 1743 891 1799 sint
912 1741 1005 1814 bona,
1024 1745 1113 1817 utpote

89 1825 146 1885 Dei
174 1833 312 1887 creatura.
357 1827 442 1902 Quod
464 1833 560 1887 autem
588 1820 692 1888 aDeo
725 1829 762 1886 sit
789 1821 904 1902 peceati
935 1844 1043 1905 poena,
1070 1825 1115 1885 tibi

29 1990 33 1998 ἱ
90 1913 316 1990 exemplificabo.

417 2070 650 2131 CAPITULUM
680 2070 798 2131 XXVI.

89 2194 137 2251 De
157 2194 319 2268 Bertolpho
336 2195 479 2252 Palatino
502 2195 538 2252 de
567 2193 784 2266 triturantem,
806 2197 855 2251 eei
876 2194 1020 2252 divinitus
1036 2172 1121 2268 prab-

112 2288 227 2354 ceptum
249 2288 298 2351 eat,
321 2288 356 2338 ut
377 2283 522 2339 bominem
531 2285 631 2356 primo
653 2281 708 2338 sibi
723 2280 890 2339 obviantem
910 2282 1105 2355 suspenderet

154 2401 327 2478 Bertolphus
355 2402 501 2460 Palatinus
531 2403 566 2460 de
598 2396 805 2460 Wittillinbabh
836 2401 925 2460 iudex
957 2411 1019 2462 erat
1047 2419 1124 2461 seve-

90 2490 225 2563 rissimus,
246 2491 286 2547 ita
307 2495 340 2546 ut
357 2489 466 2548 furibus
490 2492 575 2548 etiam
596 2506 647 2563 pro
667 2489 777 2547 ‘damno
800 2491 885 2546 nnius
909 2487 1021 2568 obuli⁷)
1043 2493 1125 2548 dmm

90 2577 222 2635 auferret.
264 2576 302 2633 Et
323 2578 396 2635 sicut
418 2595 436 2634 a
458 2576 583 2651 quodam
605 2574 721 2634 Abbate
744 2575 855 2649 audivi,
879 2580 1015 2650 quotiens
1038 2578 1125 2648 exivit,

89 2661 208 2738 laqueos
231 2664 344 2739 cingulo
374 2680 426 2721 stro
449 2663 598 2739 appendit,
627 2680 663 2720 ne
684 2680 796 2721 reorum
825 2680 923 2738 poena
946 2671 1065 2738 caperet
1084 2662 1124 2720 di·

89 2748 232 2810 lationem.
275 2751 330 2808 Die
361 2751 485 2825 quadam
517 2766 602 2808 mane
624 2767 758 2825 surgens,
791 2756 819 2808 et
847 2749 987 2824 laqueum
1019 2748 1125 2827 cingulo

90 2853 142 2895 suo
165 2837 248 2896 solito
271 2839 452 2910 subneetens,
474 2836 635 2894 huiusmodi
650 2853 753 2895 vocem
773 2838 802 2893 in
823 2853 889 2894 aere
906 2835 1037 2895 audivit:
1058 2839 1126 2895 Ber·

89 2923 201 2999 tolphe,
224 2926 384 2998 quicunque
406 2925 457 2981 tibi
479 2941 592 2999 egresso
616 2923 651 2981 de
674 2929 766 2981 castro
790 2929 839 2981 tuo
862 2925 974 2998 primus
999 2940 1126 2984 oecurre-

89 3011 133 3083 rit,
153 3011 208 3069 hoe
229 3010 332 3085 laqueo
355 3028 420 3069 eum
447 3011 613 3086 suspendas.
657 3009 712 3085 Qui
734 3026 834 3067 vocem
856 3028 909 3084 pro
935 3013 1034 3070 omine
1055 3012 1127 3070 aoei-

89 3099 179 3171 piens,
201 3114 267 3154 mox
289 3104 321 3155 ut
343 3115 474 3175 egressus
497 3104 548 3171 est,
571 3100 693 3156 ooonrrit
715 3099 742 3156 ei
764 3096 879 3171 quidam
897 3097 1044 3157 scultetus
1065 3115 1128 3156 suus

88 3185 189 3257 primo.
234 3184 296 3259 Quo
319 3188 390 3259 viso,
413 3203 477 3243 oum
500 3187 568 3242 satis
591 3183 711 3258 doleret,
735 3201 769 3241 eo
792 3183 870 3257 quod
892 3184 1046 3243 hominem
1068 3185 1128 3242 dili-

89 3277 182 3346 geret,
215 3270 329 3330 dicebat
356 3272 409 3330 illi:
442 3272 535 3331 Doleo
570 3271 605 3329 de
635 3288 755 3330 occursu
784 3277 844 3327 tuo.
889 3270 1014 3346 Quare?
1060 3273 1130 3349 Quia

78 3509 82 3515 ,
108 3457 138 3526 1)
157 3456 357 3579 ἰηίἕυιὲεοεᾶά
377 3457 430 3576 lig,
454 3474 511 3539 mox
530 3457 599 3524 prA
624 3456 828 3578 impssletieAbSPt,
853 3455 915 3575 0le
940 3459 1130 3525 impetebat.

159 3557 190 3637 ἶ
209 3528 241 3664 33
259 3600 284 3647 in
303 3537 574 3663 lbbbisepobltxbtorreblbl
582 3544 767 3647 uarblditnmoxest
790 3542 941 3662 pecsceuti.¹¹
949 3545 992 3637 ⁰-ss
1004 3539 1131 3668 dbnbnnerbls

157 3668 183 3730 3,
200 3667 224 3717 6.
245 3697 273 3706 —
295 3668 327 3735 5)
345 3668 400 3718 lsai.
419 3669 462 3727 45,
480 3670 503 3717 7.
525 3697 554 3705 -
575 3667 606 3732 6)
624 3667 643 3718 Β
662 3682 793 3733 poenam
819 3670 947 3731 peccati
976 3678 1009 3720 et
1034 3670 1132 3721 tribn-

154 3736 332 3862 ΙΑῑιὲΰὶοοιιὴεᾶῗίἶ
356 3737 376 3789 G
402 3736 652 3788 tribulationem
679 3745 710 3786 et
734 3751 865 3802 poenum
883 3742 1033 3802 peccati.
1054 3739 1131 3806 -Ὁ
