2438 4170
389 230 391 235 ·
423 210 477 268 DE
500 207 785 269 OONVERSIONE.

88 349 153 391 sinn
172 332 302 392 habitum
322 331 427 406 induit,
459 334 600 407 matrique
628 333 740 408 roganti
768 337 800 388 ut
822 331 924 404 exiret,
957 329 1120 406 respondit:

90 416 202 481 Amodo
223 436 349 479 menon
371 420 510 494 decipies;
533 420 622 478 verba
643 419 698 477 sibi
719 419 860 494 promissa
876 418 1025 492 replicans
1053 417 1121 477 Mar

93 512 134 564 tre
152 524 219 567 vcro
233 503 249 586 ¹)
272 524 338 565 omn
359 507 449 565 merlto
471 509 572 564 timore
593 506 758 580 recedente,
787 512 868 580 pater
895 522 961 563 cum
989 503 1121 563 iratribus

97 591 254 653 furibundus
276 594 419 667 ascendit,
440 594 514 652 fores
537 593 660 668 effregit,
682 592 771 650 filiam
790 592 995 650 vociferantem
1016 591 1122 664 eduxit,

100 684 225 756 cognatis,
247 683 295 756 qui
316 698 381 740 eam
402 687 572 754 averterent,
594 682 743 738 commisit.
777 677 964 754 Quibusiila,
986 678 1120 749 nondum,

103 772 131 823 nt
148 763 253 846 puto²),
277 785 381 826 novem
403 785 556 842 annorum,
588 773 647 825 tam
669 769 811 841 sapienter
831 765 991 840 respondit,
1013 771 1045 823 ut
1066 767 1121 822 mi—

106 862 225 913 rarentur.
268 854 343 930 Quid
363 853 466 929 plura?
498 854 641 929 Episcopo
663 853 815 912 Leodiensi
842 858 953 927 patrem
983 857 1011 910 et
1033 869 1122 911 eosa

110 941 196 1014 quibus
218 941 319 1001 educta
340 941 432 1000 iuerat
454 943 731 1014 excommunicante,
762 940 826 999 loco
848 941 977 998 restituta
1000 946 1060 1013 cst,
1095 946 1123 997 ct

111 1036 163 1101 post
186 1047 272 1087 amos
299 1045 408 1104 paucos
439 1029 553 1088 ibidem.
573 1031 602 1086 in
630 1027 816 1086 Abbatissam
839 1026 936 1085 electa.
980 1026 1062 1085 Haeo
1085 1025 1121 1084 dc

67 1182 69 1197 Ι
113 1118 274 1174 conversione
296 1116 373 1174 dicta
393 1118 449 1175 sint
457 1113 487 1196 ³).
529 1115 624 1174 Multa
651 1114 814 1173 huiusmodi
847 1113 974 1172 Christus
1006 1115 1035 1170 in
1064 1115 1123 1171 suis

67 1226 69 1241 =
116 1209 224 1276 operatur
245 1203 349 1276 electis,
370 1202 408 1262 ad
429 1203 548 1279 gloriam
570 1205 614 1260 sui
634 1204 755 1260 nominis
766 1197 808 1280 ⁴),
831 1203 876 1271 cui
899 1218 964 1259 cum
984 1200 1070 1259 Patre
1093 1208 1121 1258 et

77 1292 83 1305 '
116 1285 199 1363 Spiritu
217 1296 315 1349 sancto
337 1289 428 1349 honor
449 1294 486 1350 sit
508 1296 537 1349 et
556 1292 706 1364 imperium
727 1306 779 1364 per
799 1287 908 1348 infinita
922 1287 1037 1347 saecula
1054 1303 1120 1346 sae-

118 1373 227 1435 oulomm.
268 1376 372 1436 Amen.
936 1406 939 1412 ·

390 1561 825 1614 ψ.

344 1772 610 1871 disiderio
655 1769 867 1869 SECUNDA

188 1948 312 2031 ult,
348 1944 1030 2032 coNTRITItrNE.

425 2103 792 2153 ψ·-

469 2262 700 2323 CAPITULUM
721 2263 744 2320 I.

120 2376 154 2436 De
170 2390 339 2459 contritione,
362 2386 436 2462 quid
455 2389 499 2458 stt,
522 2387 601 2445 riade
623 2387 748 2459 dicotur,
771 2392 844 2461 quot
865 2387 923 2443 siat
938 2386 1121 2458 duaspeciea,

502 2477 567 2548 quia
582 2473 709 2549 fructus.

165 2607 214 2669 EX
239 2615 375 2688 superiori
408 2612 586 2672 distinctione
616 2612 789 2671 declaratum
818 2618 875 2685 est,
908 2610 1122 2669 conversionem

118 2686 242 2766 riqnann
262 2699 433 2775 praecedere
455 2702 659 2774 contritionem,
681 2698 833 2773 aliquando
856 2699 950 2771 sequi,
972 2702 1001 2754 et
1023 2712 1121 2754 exom-

118 2773 157 2846 dlifl
173 2786 316 2858 probatum
328 2784 358 2866 ⁵).
400 2787 483 2846 Nunc
504 2804 573 2845 vero
597 2787 633 2845 de
653 2789 716 2860 ipsa
738 2787 919 2859 contritione,
951 2788 1036 2857 prout
1057 2782 1121 2840 Do-

118 2864 188 2928 minus
206 2873 308 2933 donare
331 2875 499 2950 dignabitur,
522 2875 615 2932 dicere
636 2891 780 2948 propono,
813 2878 900 2946 atque
920 2870 1021 2929 eadem
1047 2887 1121 2945 quae

116 2943 215 3018 dena
235 2979 299 3020 sum
321 2961 456 3036 exemplis
480 2961 663 3019 confirmabo.
705 2960 743 3018 Et
764 2960 819 3018 hoo
832 2962 903 3019 scire
925 2959 1022 3033 debes,
1044 2957 1121 3032 quod

116 3046 218 3107 artato
239 3051 276 3106 sit
296 3067 432 3124 magnum
465 3049 586 3120 bonum,
616 3053 644 3105 et
676 3048 849 3122 perfectum,
880 3042 1043 3123 quoniam⁶)
1066 3045 1122 3102 Dei

116 3116 211 3206 d⁰¹111m,
239 3135 387 3194 desursum
409 3135 585 3194 descendens
606 3152 625 3191 a
645 3134 731 3193 Patro
752 3135 906 3208 luminum,
933 3135 963 3190 in
985 3149 1042 3208 quo
1063 3149 1121 3190 non

116 3216 149 3268 itt
163 3224 365 3296 transmutatio,
397 3240 489 3297 neque
518 3221 719 3282 vicissitudinis
749 3223 928 3301 obumbratio
942 3217 971 3300 ⁷).
1022 3219 1122 3295 Quan-

115 3293 188 3375 doque
212 3309 290 3367 addit
300 3307 322 3389 8)
349 3310 526 3384 perfectioni,
564 3311 632 3384 quia
663 3312 781 3368 minima
809 3311 938 3369 contritio
968 3308 1122 3366 maximam

114 3380 173 3448 tela
191 3396 316 3472 culpam,
347 3398 473 3471 perfecta
493 3413 562 3455 vero
586 3395 700 3470 culpam
722 3396 806 3454 simui
826 3395 899 3455 tollit
931 3401 959 3454 et
990 3410 1122 3469 poenam.

130 3570 232 3639 ¹)roro
254 3599 295 3634 om
313 3581 340 3635 C.
361 3613 390 3622 -
414 3584 446 3649 2)
465 3592 498 3633 ut
524 3590 600 3649 puto
625 3597 665 3632 om
683 3581 710 3634 0.
730 3611 762 3620 -
787 3581 857 3649 3)c
880 3581 1049 3634 sufficiant
1075 3595 1121 3646 pro

167 3651 232 3702 rint.
250 3680 280 3691 -
299 3653 332 3721 t)
350 3655 492 3704 nominis
519 3667 560 3702 orn
578 3649 606 3702 O.
626 3681 656 3689 -
685 3651 821 3720 5)0est
843 3652 1019 3718 probatum.
1038 3678 1071 3687 -
1090 3649 1122 3713 6)

167 3723 307 3785 qnoniam
326 3722 419 3782 0th
437 3722 477 3773 ΒΡ
496 3731 579 3773 autem
597 3719 691 3773 habent
708 3722 910 3790 quandoque.
931 3752 961 3762 —
981 3720 1014 3788 7)
1031 3719 1082 3771 Jac.
1097 3719 1121 3769 1.

169 3785 205 3839 17.
221 3820 251 3831 -
268 3792 301 3862 8)
317 3792 339 3845 Β
356 3791 447 3856 addi,
464 3792 486 3844 Ι)
504 3789 652 3855 addidit,
669 3791 687 3843 P
706 3790 859 3844 additum.
