2460 4162
107 244 169 305 ase
424 241 653 341 numano
676 240 842 321 obsum

105 382 203 444 pugno
217 371 278 425 tam
291 364 386 425 valide
404 365 509 426 collum
527 366 603 426 illius
619 362 636 446 ¹)
657 368 806 443 percussit,
826 371 860 425 nt
872 363 1024 426 morsellus
1041 363 1152 425 infixus

107 453 239 513 exsiliret.
280 452 319 512 Et
343 459 539 530 eognovenmt
560 470 667 528 omnes,
689 453 768 528 quod
788 453 869 513 dolor
891 452 939 512 ille
960 459 1052 529 atque
1074 470 1151 512 eon·

26 604 29 609 ,
104 539 190 613 fusio,
218 556 313 616 poena
344 543 456 616 peceati
486 541 559 599 foret
586 540 760 599 inobedienti
787 540 966 616 Praeposito.
1021 539 1062 598 Et
1091 539 1152 598 hoe

105 643 157 702 pro
188 635 265 686 certo
294 629 383 702 scias,
412 626 490 702 quod
512 630 587 686 siout
608 626 738 686 diabolus
758 626 870 704 plures,
898 631 932 684 ut
953 624 1065 737 dietum
1088 632 1150 699 est,
1217 664 1220 669 -

106 719 198 774 tentat
219 713 358 773 desiderio
381 717 517 789 earnium,
538 716 579 773 ita
600 715 708 773 etvim

467 903 700 964 carnoten
720 903 787 963 xc.
838 980 844 991 ι

148 1026 197 1085 De
218 1026 377 1099 adlectio,
400 1029 451 1102 qui
467 1027 780 1170 poeltbcompletortum
799 1029 906 1098 etiem,
927 1025 1105 1084 emanando

528 1116 659 1199 legatus
681 1120 731 1172 eet.

169 1231 330 1292 Monachus
353 1231 469 1306 quidam
497 1232 602 1292 ordinis
633 1235 735 1307 nostri,
768 1232 860 1291 officio
889 1230 1075 1314 cellerarius,
1101 1231 1148 1291 die

109 1317 235 1394 quadam
256 1326 323 1394 post
345 1319 575 1394 completorium,
598 1337 699 1395 opere,
720 1325 753 1377 ut
773 1326 839 1394 post
859 1322 952 1394 patuit
963 1315 1000 1398 ²),
1023 1318 1148 1392 dioboli,

27 1452 32 1461 .
105 1405 323 1464 intolerabiliter
344 1407 420 1464 sitire
443 1409 544 1481 eoepit.
598 1407 738 1467 Tentatus
759 1408 844 1482 igitm
866 1412 926 1464 tam
943 1404 1059 1479 valide,
1083 1422 1152 1465 cum
1220 1430 1223 1435 ·

108 1492 309 1551 fluctuaret'et
331 1495 483 1568 cogitaret,
514 1498 612 1551 utrmn
640 1495 695 1552 sibi
724 1499 823 1552 contra
851 1492 980 1569 regulam
1002 1497 1080 1551 esset
1102 1493 1151 1551 bi-

108 1579 244 1653 b'endum,
265 1578 312 1638 vel
333 1597 398 1638 cum
419 1579 546 1656 periculo
568 1583 646 1639 vitae
667 1579 883 1654 abstinendum,
904 1578 1023 1638 tandem
1044 1581 1152 1654 vietus,

107 1669 257 1742 proposuit
269 1665 414 1725 cellarium
435 1670 539 1726 intrare
555 1663 585 1746 ³),
609 1674 637 1725 et
657 1668 766 1726 bibere.
808 1667 926 1724 Interim
947 1669 1057 1724 intrans
1080 1682 1151 1726 ora-

62 1790 66 1795 -
109 1755 221 1828 torium,
244 1770 310 1812 cum
331 1760 398 1812 ante
419 1753 509 1812 altare
531 1754 677 1829 quoddam
699 1755 838 1828 transiret,
861 1758 889 1812 et
910 1753 1033 1810 multum
1043 1752 1152 1828 tepide,

109 1839 145 1900 de
165 1846 236 1915 potu
259 1833 396 1916 cogitans,
417 1841 573 1916 inclinaret
593 1843 623 1898 in
644 1858 684 1915 se,
708 1858 774 1899 oum
794 1839 944 1916 paululum
953 1841 1152 1916 processisset,

109 1928 288 2000 erubescens,
310 1927 348 1985 ad
369 1927 446 1986 idem
467 1928 556 1986 altare
578 1927 675 2002 rediit,
697 1929 790 2002 stetit,
812 1934 841 1986 et
863 1944 928 1985 eum
949 1925 1042 1986 multa
1062 1943 1150 1986 reve-

108 2015 200 2089 rantis
220 2013 375 2072 inelinavit.
418 2013 533 2073 Levans
556 2021 606 2072 aut
607 2032 652 2073 om
675 2021 775 2088 caput,
749 2013 1006 2073 tdaemonem
997 2032 1027 2070 ιιι
1050 2015 1150 2088 speeie

108 2081 242 2158 monaehi
263 2103 406 2176 nigerrimi
427 2102 507 2160 iuxta
529 2119 560 2159 se
583 2108 658 2160 stare
674 2102 861 2176 conspicatur,
883 2099 1151 2160 huiusmodiverba

108 2188 251 2262 proferent
252 2204 313 2244 em.
345 2187 403 2245 Pro
427 2194 538 2248 certet
526 2189 578 2246 tibi
600 2187 676 2262 dieo,
709 2189 733 2245 si
754 2204 811 2245 non
833 2189 934 2246 luisses
955 2204 1088 2246 reversus
1111 2185 1149 2246 ad

108 2273 234 2332 inclinat
214 2280 334 2348 tionem,
367 2291 420 2350 ego
443 2276 496 2333 tibi
518 2275 606 2334 talem
626 2276 754 2350 potum
747 2293 776 2332 ιιι
799 2274 911 2333 cellario
932 2277 1149 2363 propipassem‚

109 2378 195 2435 quem
218 2359 344 2436 digerere
366 2356 444 2439 vix)
466 2378 582 2436 posses,
613 2362 749 2436 quamdiu
770 2363 891 2420 viveres.
932 2361 1015 2419 Hora
1044 2359 1149 2419 eadem

109 2446 239 2506 diabolus
262 2447 414 2522 disparuit,
447 2453 476 2506 et
508 2451 600 2507 omnis
623 2451 743 2507 tentatio
764 2450 908 2506 immissae
930 2450 954 2504 si
955 2450 991 2506 tis
955 2449 1149 2506 teessavit.

108 2533 191 2593 Haeo
213 2534 282 2592 mihi
303 2534 398 2593 retulit
420 2534 847 2594 dominusEustachiusAbbas
870 2533 905 2592 de
923 2533 1149 2608 Hemmenrode,

108 2639 238 2680 asserens
261 2628 327 2680 ante
349 2639 440 2680 annos
461 2629 572 2697 septem
594 2624 754 2697 contigisse.
796 2619 1003 2681 NOVICIUS:
1025 2620 1073 2679 De
1095 2637 1148 2679 ce-

108 2715 169 2766 tero
191 2709 344 2768 studiosior
366 2726 413 2768 ero
436 2708 474 2768 ad
494 2709 688 2767 inclinandum
717 2707 865 2783 profunde.
907 2705 1147 2768 MONACHUS:

108 2794 250 2854 Diabolus
273 2813 386 2854 omnem
409 2795 469 2855 odit
489 2795 722 2869 humiliationem,
743 2794 820 2852 illam
842 2796 972 2867 maxime,
994 2811 1147 2869 perquam

107 2880 194 2940 homo
216 2882 312 2942 Deum
334 2886 465 2959 agnoscit
473 2879 493 2962 ⁵)
515 2901 600 2941 suum
615 2889 778 2955 creatorem,
801 2898 832 2939 se
852 2887 1019 2940 ereaturam.
1043 2880 1148 2956 Quon-

108 2966 144 3025 do
166 2967 222 3026 hoe
244 2968 323 3027 videt
343 2970 488 3028 hominem
511 2969 614 3029 devote
637 2968 854 3041 exhibereDoo,
877 2967 955 3042 quod
975 2969 1037 3042 ipse
1050 2967 1147 3027 meere

108 3057 265 3128 contemsit,
286 3055 385 3114 volens
406 3055 446 3112 illi
468 3056 565 3113 similis
588 3074 670 3129 esse,
692 3056 830 3113 sustinere
852 3072 910 3113 non
930 3060 1035 3129 potest,
1054 3054 1147 3131 fugit·

106 3157 164 3215 que
197 3141 339 3200 contusus.
382 3141 465 3201 Unde
487 3143 589 3201 Abbas
618 3142 767 3217 Philippus
800 3141 835 3200 de
866 3140 1028 3215 Ottirbnrg,
1061 3143 1146 3201 ouius

106 3244 193 3302 supra
227 3230 357 3301 memini,
389 3230 433 3287 vir
460 3229 585 3303 prudens
615 3236 643 3288 et
668 3229 812 3302 literatus,
841 3245 953 3286 sorores
979 3228 1015 3287 de
1044 3227 1147 3287 Insula

106 3316 197 3372 saneti
218 3313 367 3390 Nycholoi,
389 3317 462 3374 sicut
483 3315 552 3373 mihi
574 3316 738 3389 retulerunt,
761 3316 858 3374 docuit
879 3316 989 3373 dicens:
1019 3314 1145 3391 Quando

105 3406 198 3459 tentat
218 3396 301 3481 vos⁶l
325 3401 472 3477 diabolus,
498 3403 638 3478 profunde
671 3402 803 3461 inclinate
825 3404 853 3460 in
875 3402 945 3461 locis
968 3401 1087 3477 debitis,
1116 3409 1146 3461 et

106 3490 201 3546 statim
222 3488 311 3565 fugiet
332 3506 350 3546 a
371 3490 464 3547 vobis.
515 3489 595 3550 Loca
616 3490 790 3549 inclinationi
813 3490 910 3548 debita
939 3496 1006 3548 sunt
1026 3488 1145 3562 altaria,

125 3674 155 3742 1)
174 3673 214 3726 BG
232 3677 310 3725 eius.
331 3704 358 3712 -
380 3675 413 3742 2)
431 3676 450 3726 B
470 3685 503 3726 ut
522 3685 637 3742 postea
655 3677 778 3743 patuit,
802 3674 821 3725 P
839 3683 873 3725 ut
891 3676 998 3742 patuit
1016 3684 1143 3742 postea.

175 3773 207 3781 —
227 3744 258 3810 3)
277 3743 341 3796 Ab?
360 3745 484 3795 intrare
502 3746 682 3797 cellarium.
701 3775 731 3784 -
750 3745 783 3812 4)
801 3743 843 3796 BD
861 3748 915 3797 vix
933 3744 1142 3813 digerere.-

176 3814 206 3881 5)
224 3813 281 3865 libri
300 3817 481 3883 cognoscit.
502 3845 531 3855 -
552 3816 583 3884 6)
602 3815 642 3869 bc
659 3830 717 3866 vos
736 3822 854 3867 tentat.
