2438 4170
440 210 496 271 nu
524 164 788 271 murimonte.

487 392 720 482 UAPITULUM
739 402 774 461 L.

239 522 306 583 lesu
327 523 363 582 de
384 527 545 583 tentatione
564 524 674 583 Reueri
694 504 864 583 emcessoois
885 521 1021 581 amam.

63 720 73 731 ,
192 654 299 722 inem
319 663 378 722 iam
397 662 491 729 dictae
513 661 651 722 eeclesiae
672 662 764 721 sancti
781 659 915 720 Andreae
936 659 1138 736 scholasticus,

63 750 78 829 j
149 740 253 809 timide
272 748 418 809 Godein'di
438 765 599 823 successor,
632 766 697 809 cum
729 753 795 823 post
822 751 882 808 cius
914 753 1035 806 mortem
1056 747 1136 807 fieret

71 906 81 921 ἱ
147 830 201 903 *iil
215 852 259 896 uos
277 839 419 911 novicius,
445 839 476 895 in
496 842 609 896 tantum
631 837 724 911 eoepit
745 837 830 894 variis
851 835 1054 894 tentationibus
1075 841 1137 892 tur-

63 924 70 931 '
146 912 219 999 ltn'l,
235 928 264 982 ut
283 923 468 998 pusillanimis
491 924 616 998 effectus,
650 922 695 980 die
717 920 842 997 quadam
864 920 977 981 domino
1002 920 1135 981 Gevardo

143 998 224 1067 boen
240 1010 356 1070 diceret:
385 1010 451 1070 Non
478 1026 596 1086 possum
624 1009 671 1068 hic
701 1008 805 1067 diutius
826 1025 956 1083 manere,
991 1011 1058 1083 quia
1085 1025 1138 1066 nec

142 1086 237 1154 illurn
265 1096 348 1156 valeo
377 1096 482 1156 diutius
510 1099 657 1156 sustinere.
708 1096 800 1172 Quem
829 1112 895 1153 cum
922 1097 1137 1171 interrogasset,

63 1184 66 1189 ’
140 1188 181 1247 llo
197 1182 274 1242 vultis
293 1181 357 1242 ire?
399 1182 544 1258 respoudit
563 1183 626 1242 ille:
653 1181 701 1241 Ad
721 1181 916 1260 praebendam
936 1199 1031 1241 meam
1052 1199 1139 1258 opor-

138 1264 168 1321 Μ
182 1282 220 1329 me
248 1269 348 1330 redire.
390 1268 473 1329 Tune
493 1269 610 1344 Abbas,
643 1272 723 1344 quasi
752 1272 795 1328 vir
821 1269 961 1343 prudens,
994 1261 1137 1344 qviandanr

135 1356 288 1416 muntem
303 1355 454 1431 simulare,
476 1359 569 1432 coepit
588 1359 685 1415 nescio
707 1355 745 1414 sd
767 1373 852 1431 quem
870 1354 1008 1414 clamare:
1030 1355 1139 1415 Afferte

130 1434 190 1515 niti
203 1445 327 1504 securim.
372 1442 425 1501 Oui
447 1461 512 1502 cum
534 1442 640 1502 diceret
660 1444 797 1517 novicius,
820 1441 888 1517 quid
910 1442 995 1501 debet
1010 1442 1138 1502 securis?

130 1530 264 1600 ritpoudit:
285 1529 327 1591 Ut
346 1526 572 1610 praecidentur²)
593 1528 681 1605 pedes
703 1532 798 1588 vestri.
842 1527 954 1587 Credite
975 1530 1052 1604 mihi,
1074 1547 1138 1588 ma·

126 1606 163 1679 iss
179 1616 238 1677 volo
259 1634 312 1678 vos
333 1619 394 1676 sine
416 1616 537 1692 pedibus
559 1633 671 1693 semper
690 1633 823 1692 pascere,
856 1633 943 1690 quam
971 1633 1025 1675 vos
1047 1618 1138 1674 sinam

63 1754 65 1763 .
124 1691 204 1778 ibice,
230 1710 258 1764 et
286 1702 458 1764 conlimdere
491 1702 608 1763 domum
628 1709 762 1763 nostram.
805 1702 887 1761 [lunc
915 1703 962 1762 ille
991 1702 1140 1762 subridens

122 1778 170 1843 tit:
189 1788 287 1851 Melius
308 1797 352 1850 est
372 1796 405 1849 ut
424 1807 566 1850 maneam.
608 1789 713 1866 Sicque
733 1807 785 1866 per
806 1789 896 1849 verba
905 1792 1003 1848 iocosa
1014 1792 1137 1848 cessavit

118 1866 227 1937 teMettio
248 1880 318 1938 satis
339 1878 418 1937 dura.
460 1876 662 1938 NOVICIUS:
684 1876 724 1936 Ut
742 1877 897 1951 considero,
918 1878 1048 1936 novicius
1057 1876 1139 1936 facile

115 1952 242 2039 tenum,
263 1971 292 2024 et
312 1964 395 2024 facile
417 1971 541 2024 sanatur.
583 1962 817 2023 MONACHUS:
846 1964 912 2024 Hoc
933 1964 1044 2040 plenius
1066 1966 1139 2023 scies

112 2034 289 2127 linquenti
311 2050 443 2129 capitulo.

473 2239 705 2300 CAPITULUM
724 2240 774 2299 LI.

145 2356 194 2418 De
211 2332 332 2436 novata
354 2366 408 2438 qui
427 2379 508 2427 anuo
524 2360 710 2436 probationis
732 2364 881 2438 completo,
903 2382 933 2422 se
953 2364 1022 2422 nodi
1043 2383 1104 2422 non

558 2452 699 2523 portabit.

181 2567 310 2631 Novioius
343 2569 459 2646 quidam
490 2586 556 2653 cum
589 2572 619 2629 in
647 2569 859 2631 Hemmenrodo
890 2574 958 2630 satis
989 2574 1139 2649 tranquille

107 2658 220 2715 armum
238 2662 393 2735 peregisset
413 2657 596 2733 probationis,
619 2664 647 2717 et
667 2657 813 2718 voluntate
835 2659 994 2718 stabilitatis
1006 2677 1140 2735 expressa

107 2728 146 2791 ³11
170 2738 302 2819 Capitale,
322 2743 465 2803 radendus
487 2750 563 2803 esset
582 2747 611 2802 in
633 2742 813 2818 moirachum,
833 2752 920 2820 atque
941 2748 980 2819 is,
1002 2751 1051 2821 qui
1073 2764 1139 2806 eum

109 2822 213 2890 r&idere
243 2827 412 2911 debebat2),
443 2832 581 2890 rasorium
607 2833 637 2889 in
664 2834 783 2908 corrigia
812 2835 977 2907 corrigeret,
1009 2833 1140 2894 diabolus

109 2908 216 2976 eadem
233 2916 306 2978 hora
326 2919 368 2977 sio
387 2919 520 2976 iuvenem
542 2920 726 2993 contristavit,
747 2920 843 2992 sicque
853 2918 1062 2993 pusillanimem
1072 2923 1139 2981 red-

107 2984 198 3078 didit,
227 3011 260 3064 ut
290 3010 401 3063 mutato
423 3005 517 3063 animo
539 3020 664 3063 rasorem
685 3022 743 3064 non
763 3004 932 3064 admitteret.
976 3007 1040 3083 Quo
1062 3011 1140 3084 viso,

105 3069 243 3151 d⁰¹1riuus
262 3089 558 3151 HermannusAbbas
578 3090 650 3150 Loci
670 3098 786 3168 sanctae
807 3091 924 3166 Mariae,
945 3099 1014 3154 tuno
1034 3095 1141 3156 ibidem

99 3152 209 3254 P¹lor,
238 3177 372 3238 simulata
386 3174 519 3253 ‘quadam
538 3177 720 3245 iocunditate,
733 3181 868 3253 accurrit,
898 3179 1002 3239 collum
1029 3186 1140 3242 iuvenis

97 3251 232 3341 ”troque
252 3264 371 3325 brachio
393 3267 511 3339 strinxit,
533 3271 562 3323 et
583 3266 650 3339 quia
672 3265 772 3324 eadem
792 3267 905 3325 tristitia
918 3284 953 3326 ex
969 3271 1141 3330 immissione

94 3338 192 3408 esse,
210 3352 316 3412 diaboli
336 3350 450 3426 docens,
470 3351 655 3411 fluctuantem
677 3355 755 3412 ocius
776 3352 814 3410 ad
830 3353 1062 3428 tranquillitatem
1074 3374 1142 3432 per-

90 3408 202 3511 dflxit
243 3439 414 3498 'lentatioue
435 3455 503 3498 vero
526 3438 641 3513 sedate,
662 3456 730 3497 mox
751 3439 939 3498 adolescentis
960 3441 1063 3519 iacies,
1085 3461 1142 3502 non

87 3508 177 3597 ⁸¹¹{e
196 3527 388 3585 assistentium
408 3525 602 3597 admiratione,
624 3532 667 3584 est
690 3533 827 3601 serenata,
850 3534 879 3585 et
892 3531 1018 3602 permisit
1028 3547 1059 3589 se
1073 3531 1143 3589 radi.

109 3686 331 3833 ¹]lsii'exsrti
356 3719 386 3762 et
413 3711 545 3764 turbari.
565 3740 595 3749 -
624 3711 656 3778 2)
682 3710 723 3764 BG
749 3712 993 3779 praecidantur.
1013 3745 1044 3753 -
1072 3715 1144 3782 3JG

205 3796 219 3831 o
247 3795 326 3833 ere.
