<?xml version="1.0" encoding="UTF-8"?>
<!DOCTYPE html PUBLIC "-//W3C//DTD XHTML 1.0 Transitional//EN"
    "http://www.w3.org/TR/xhtml1/DTD/xhtml1-transitional.dtd">
<html xmlns="http://www.w3.org/1999/xhtml" xml:lang="en" lang="en">
 <head>
  <title>
</title>
<meta http-equiv="Content-Type" content="text/html;charset=utf-8" />
  <meta name='ocr-system' content='tesseract 3.04.00' />
  <meta name='ocr-capabilities' content='ocr_page ocr_carea ocr_par ocr_line ocrx_word'/>
</head>
<body>
  <div class='ocr_page' id='page_1' title='image "./caesariiheister00stragoog_0353.png"; bbox 0 0 2460 4162; ppageno 0'>
   <div class='ocr_carea' id='block_1_1' title="bbox 32 223 861 327">
    <p class='ocr_par' dir='ltr' id='par_1_1' title="bbox 32 223 861 327">
     <span class='ocr_line' id='line_1_1' title="bbox 32 223 861 327; baseline -0.002 -15"><span class='ocrx_word' id='word_1_1' title='bbox 32 223 36 230; x_wconf 82' lang='grc'><strong><em>’</em></strong></span> <span class='ocrx_word' id='word_1_2' title='bbox 146 250 210 312; x_wconf 78' lang='lat' dir='ltr'>aas</span> <span class='ocrx_word' id='word_1_3' title='bbox 466 247 694 311; x_wconf 79' lang='lat' dir='ltr'>nmrmcrro</span> <span class='ocrx_word' id='word_1_4' title='bbox 708 249 861 327; x_wconf 77' lang='lat' dir='ltr'>onnus</span> 
     </span>
    </p>
   </div>
   <div class='ocr_carea' id='block_1_2' title="bbox 142 371 1184 1384">
    <p class='ocr_par' dir='ltr' id='par_1_2' title="bbox 142 371 1184 1384">
     <span class='ocr_line' id='line_1_2' title="bbox 144 371 1184 451; baseline 0 -17"><span class='ocrx_word' id='word_1_5' title='bbox 144 374 361 451; x_wconf 77' lang='lat' dir='ltr'><strong>presbyterium,</strong></span> <span class='ocrx_word' id='word_1_6' title='bbox 381 374 411 431; x_wconf 90' lang='lat' dir='ltr'>in</span> <span class='ocrx_word' id='word_1_7' title='bbox 431 371 496 432; x_wconf 92' lang='lat' dir='ltr'>loco</span> <span class='ocrx_word' id='word_1_8' title='bbox 518 373 567 431; x_wconf 92' lang='lat' dir='ltr'>ubi</span> <span class='ocrx_word' id='word_1_9' title='bbox 581 371 715 431; x_wconf 86' lang='lat' dir='ltr'>monachi</span> <span class='ocrx_word' id='word_1_10' title='bbox 734 373 765 431; x_wconf 92' lang='lat' dir='ltr'>in</span> <span class='ocrx_word' id='word_1_11' title='bbox 786 374 865 431; x_wconf 89' lang='lat' dir='ltr'>viam</span> <span class='ocrx_word' id='word_1_12' title='bbox 885 378 1022 432; x_wconf 84' lang='lat' dir='ltr'>exeuntes</span> <span class='ocrx_word' id='word_1_13' title='bbox 1044 379 1077 432; x_wconf 88' lang='lat' dir='ltr'>et</span> <span class='ocrx_word' id='word_1_14' title='bbox 1098 373 1184 435; x_wconf 86' lang='lat' dir='ltr'>rede-</span> 
     </span>
     <span class='ocr_line' id='line_1_3' title="bbox 144 457 1183 535; baseline 0.002 -15"><span class='ocrx_word' id='word_1_15' title='bbox 144 467 228 520; x_wconf 89' lang='lat' dir='ltr'>uutes</span> <span class='ocrx_word' id='word_1_16' title='bbox 256 458 349 520; x_wconf 83' lang='lat' dir='ltr'>solent</span> <span class='ocrx_word' id='word_1_17' title='bbox 375 461 522 534; x_wconf 80' lang='lat' dir='ltr'><strong>prosterni.</strong></span> <span class='ocrx_word' id='word_1_18' title='bbox 565 457 623 534; x_wconf 81' lang='lat' dir='ltr'>Qui</span> <span class='ocrx_word' id='word_1_19' title='bbox 652 458 721 517; x_wconf 91' lang='lat' dir='ltr'>dum</span> <span class='ocrx_word' id='word_1_20' title='bbox 743 465 830 534; x_wconf 80' lang='lat' dir='ltr'>eaput</span> <span class='ocrx_word' id='word_1_21' title='bbox 849 465 1043 535; x_wconf 82' lang='lat' dir='ltr'>retorqueret,</span> <span class='ocrx_word' id='word_1_22' title='bbox 1076 467 1108 520; x_wconf 90' lang='lat' dir='ltr'>et</span> <span class='ocrx_word' id='word_1_23' title='bbox 1128 461 1183 522; x_wconf 79' lang='lat' dir='ltr'>bae</span> 
     </span>
     <span class='ocr_line' id='line_1_4' title="bbox 143 543 1181 625; baseline 0 -18"><span class='ocrx_word' id='word_1_24' title='bbox 143 547 266 622; x_wconf 85' lang='lat' dir='ltr'>illaeque</span> <span class='ocrx_word' id='word_1_25' title='bbox 283 543 299 625; x_wconf 85' lang='lat'>¹)</span> <span class='ocrx_word' id='word_1_26' title='bbox 322 548 563 621; x_wconf 80' lang='lat' dir='ltr'>circumspiceret,</span> <span class='ocrx_word' id='word_1_27' title='bbox 590 547 620 602; x_wconf 95' lang='lat' dir='ltr'>in</span> <span class='ocrx_word' id='word_1_28' title='bbox 641 562 743 604; x_wconf 82' lang='lat' dir='ltr'>vocem</span> <span class='ocrx_word' id='word_1_29' title='bbox 763 546 920 605; x_wconf 81' lang='lat' dir='ltr'><strong>humanam</strong></span> <span class='ocrx_word' id='word_1_30' title='bbox 948 549 1042 622; x_wconf 80' lang='lat' dir='ltr'>erupit</span> <span class='ocrx_word' id='word_1_31' title='bbox 1070 547 1181 607; x_wconf 80' lang='lat' dir='ltr'>dicem:</span> 
     </span>
     <span class='ocr_line' id='line_1_5' title="bbox 144 630 1181 712; baseline 0.001 -20"><span class='ocrx_word' id='word_1_32' title='bbox 144 633 210 692; x_wconf 88' lang='lat' dir='ltr'>Non</span> <span class='ocrx_word' id='word_1_33' title='bbox 232 635 336 692; x_wconf 86' lang='lat' dir='ltr'>curetis</span> <span class='ocrx_word' id='word_1_34' title='bbox 346 630 376 712; x_wconf 87' lang='lat'>²).</span> <span class='ocrx_word' id='word_1_35' title='bbox 419 632 501 690; x_wconf 88' lang='lat' dir='ltr'>Licet</span> <span class='ocrx_word' id='word_1_36' title='bbox 528 631 614 691; x_wconf 87' lang='lat' dir='ltr'>modo</span> <span class='ocrx_word' id='word_1_37' title='bbox 637 635 693 691; x_wconf 90' lang='lat' dir='ltr'>siut</span> <span class='ocrx_word' id='word_1_38' title='bbox 714 631 800 706; x_wconf 86' lang='lat' dir='ltr'>firmi,</span> <span class='ocrx_word' id='word_1_39' title='bbox 828 649 881 709; x_wconf 82' lang='lat' dir='ltr'>ogo</span> <span class='ocrx_word' id='word_1_40' title='bbox 904 633 1047 709; x_wconf 81' lang='lat' dir='ltr'>egrediar,</span> <span class='ocrx_word' id='word_1_41' title='bbox 1075 641 1108 692; x_wconf 89' lang='lat' dir='ltr'>et</span> <span class='ocrx_word' id='word_1_42' title='bbox 1128 638 1181 694; x_wconf 89' lang='lat' dir='ltr'>ite-</span> 
     </span>
     <span class='ocr_line' id='line_1_6' title="bbox 144 719 1181 796; baseline 0.002 -17"><span class='ocrx_word' id='word_1_43' title='bbox 144 738 208 779; x_wconf 86' lang='lat' dir='ltr'>rum</span> <span class='ocrx_word' id='word_1_44' title='bbox 238 727 305 794; x_wconf 90' lang='lat' dir='ltr'>post</span> <span class='ocrx_word' id='word_1_45' title='bbox 332 719 476 779; x_wconf 91' lang='lat' dir='ltr'>modicum</span> <span class='ocrx_word' id='word_1_46' title='bbox 504 726 639 777; x_wconf 82' lang='lat' dir='ltr'>revertar.</span> <span class='ocrx_word' id='word_1_47' title='bbox 689 719 793 794; x_wconf 84' lang='lat' dir='ltr'>Sisque</span> <span class='ocrx_word' id='word_1_48' title='bbox 823 736 857 778; x_wconf 90' lang='lat' dir='ltr'>eo</span> <span class='ocrx_word' id='word_1_49' title='bbox 886 720 1013 779; x_wconf 89' lang='lat' dir='ltr'>intuente</span> <span class='ocrx_word' id='word_1_50' title='bbox 1046 737 1181 796; x_wconf 84' lang='lat' dir='ltr'>egressus</span> 
     </span>
     <span class='ocr_line' id='line_1_7' title="bbox 144 805 1180 881; baseline 0.001 -15"><span class='ocrx_word' id='word_1_51' title='bbox 144 813 197 866; x_wconf 83' lang='lat' dir='ltr'>est</span> <span class='ocrx_word' id='word_1_52' title='bbox 238 806 332 864; x_wconf 89' lang='lat' dir='ltr'>Huius</span> <span class='ocrx_word' id='word_1_53' title='bbox 360 807 477 865; x_wconf 82' lang='lat' dir='ltr'>visionis</span> <span class='ocrx_word' id='word_1_54' title='bbox 505 806 592 865; x_wconf 88' lang='lat' dir='ltr'>frater</span> <span class='ocrx_word' id='word_1_55' title='bbox 612 805 772 864; x_wconf 85' lang='lat' dir='ltr'>Richardus</span> <span class='ocrx_word' id='word_1_56' title='bbox 794 808 874 864; x_wconf 91' lang='lat' dir='ltr'>testis</span> <span class='ocrx_word' id='word_1_57' title='bbox 896 812 953 880; x_wconf 87' lang='lat' dir='ltr'>est,</span> <span class='ocrx_word' id='word_1_58' title='bbox 983 808 1033 881; x_wconf 90' lang='lat' dir='ltr'>qui</span> <span class='ocrx_word' id='word_1_59' title='bbox 1054 824 1124 865; x_wconf 87' lang='lat' dir='ltr'>eam</span> <span class='ocrx_word' id='word_1_60' title='bbox 1144 809 1180 867; x_wconf 86' lang='lat' dir='ltr'>ab</span> 
     </span>
     <span class='ocr_line' id='line_1_8' title="bbox 144 892 1180 967; baseline 0.001 -15"><span class='ocrx_word' id='word_1_61' title='bbox 144 896 207 952; x_wconf 89' lang='lat' dir='ltr'>eius</span> <span class='ocrx_word' id='word_1_62' title='bbox 229 910 277 952; x_wconf 88' lang='lat' dir='ltr'>ore</span> <span class='ocrx_word' id='word_1_63' title='bbox 298 892 415 951; x_wconf 88' lang='lat' dir='ltr'>audivit.</span> <span class='ocrx_word' id='word_1_64' title='bbox 456 892 516 950; x_wconf 89' lang='lat' dir='ltr'>Iste</span> <span class='ocrx_word' id='word_1_65' title='bbox 538 899 582 951; x_wconf 88' lang='lat' dir='ltr'>est</span> <span class='ocrx_word' id='word_1_66' title='bbox 600 892 792 966; x_wconf 89' lang='lat' dir='ltr'>Hermannus,</span> <span class='ocrx_word' id='word_1_67' title='bbox 813 895 864 967; x_wconf 91' lang='lat' dir='ltr'>qui</span> <span class='ocrx_word' id='word_1_68' title='bbox 883 892 956 951; x_wconf 84' lang='lat' dir='ltr'>vidit</span> <span class='ocrx_word' id='word_1_69' title='bbox 976 909 1076 953; x_wconf 89' lang='lat' dir='ltr'>coram</span> <span class='ocrx_word' id='word_1_70' title='bbox 1097 893 1180 953; x_wconf 91' lang='lat' dir='ltr'>Hon-</span> 
     </span>
     <span class='ocr_line' id='line_1_9' title="bbox 144 978 1180 1059; baseline 0 -20"><span class='ocrx_word' id='word_1_71' title='bbox 144 982 202 1039; x_wconf 89' lang='lat' dir='ltr'>rico</span> <span class='ocrx_word' id='word_1_72' title='bbox 222 980 329 1038; x_wconf 89' lang='lat' dir='ltr'>Ficone</span> <span class='ocrx_word' id='word_1_73' title='bbox 342 978 364 1059; x_wconf 69' lang='grc'>3)</span> <span class='ocrx_word' id='word_1_74' title='bbox 390 979 544 1053; x_wconf 82' lang='lat' dir='ltr'><strong>amphoras</strong></span> <span class='ocrx_word' id='word_1_75' title='bbox 572 996 639 1038; x_wconf 94' lang='lat' dir='ltr'>cum</span> <span class='ocrx_word' id='word_1_76' title='bbox 667 981 750 1052; x_wconf 88' lang='lat' dir='ltr'>vino,</span> <span class='ocrx_word' id='word_1_77' title='bbox 779 984 808 1037; x_wconf 91' lang='lat' dir='ltr'>et</span> <span class='ocrx_word' id='word_1_78' title='bbox 835 996 947 1053; x_wconf 89' lang='lat' dir='ltr'>ursum,</span> <span class='ocrx_word' id='word_1_79' title='bbox 975 982 1052 1038; x_wconf 91' lang='lat' dir='ltr'>sicut</span> <span class='ocrx_word' id='word_1_80' title='bbox 1072 980 1180 1039; x_wconf 82' lang='lat' dir='ltr'>dictrmr</span> 
     </span>
     <span class='ocr_line' id='line_1_10' title="bbox 144 1064 1180 1141; baseline 0.001 -16"><span class='ocrx_word' id='word_1_81' title='bbox 144 1069 238 1126; x_wconf 90' lang='lat' dir='ltr'>estin</span> <span class='ocrx_word' id='word_1_82' title='bbox 260 1066 439 1124; x_wconf 88' lang='lat' dir='ltr'>distinctione</span> <span class='ocrx_word' id='word_1_83' title='bbox 458 1073 560 1139; x_wconf 88' lang='lat' dir='ltr'>quarta</span> <span class='ocrx_word' id='word_1_84' title='bbox 582 1064 705 1140; x_wconf 89' lang='lat' dir='ltr'>capitulo</span> <span class='ocrx_word' id='word_1_85' title='bbox 723 1067 908 1141; x_wconf 82' lang='lat' dir='ltr'>nonagesimo</span> <span class='ocrx_word' id='word_1_86' title='bbox 930 1068 1032 1140; x_wconf 90' lang='lat' dir='ltr'>primo.</span> <span class='ocrx_word' id='word_1_87' title='bbox 1063 1065 1180 1126; x_wconf 78' lang='lat' dir='ltr'>leovi-</span> 
     </span>
     <span class='ocr_line' id='line_1_11' title="bbox 145 1151 1181 1213; baseline 0 -1"><span class='ocrx_word' id='word_1_88' title='bbox 145 1152 248 1213; x_wconf 73' lang='lat' dir='ltr'>ciue:</span> <span class='ocrx_word' id='word_1_89' title='bbox 271 1152 344 1211; x_wconf 83' lang='lat' dir='ltr'>Cum</span> <span class='ocrx_word' id='word_1_90' title='bbox 366 1152 496 1210; x_wconf 89' lang='lat' dir='ltr'>diabolus</span> <span class='ocrx_word' id='word_1_91' title='bbox 517 1151 681 1210; x_wconf 90' lang='lat' dir='ltr'>huiusmodi</span> <span class='ocrx_word' id='word_1_92' title='bbox 698 1153 853 1210; x_wconf 90' lang='lat' dir='ltr'>bestiarum</span> <span class='ocrx_word' id='word_1_93' title='bbox 872 1152 978 1211; x_wconf 90' lang='lat' dir='ltr'>formas</span> <span class='ocrx_word' id='word_1_94' title='bbox 999 1152 1038 1211; x_wconf 93' lang='lat' dir='ltr'>ad</span> <span class='ocrx_word' id='word_1_95' title='bbox 1052 1160 1181 1212; x_wconf 86' lang='lat' dir='ltr'>nostram</span> 
     </span>
     <span class='ocr_line' id='line_1_12' title="bbox 142 1238 1179 1314; baseline 0 -16"><span class='ocrx_word' id='word_1_96' title='bbox 142 1240 351 1298; x_wconf 85' lang='lat' dir='ltr'>infestationem</span> <span class='ocrx_word' id='word_1_97' title='bbox 371 1244 507 1313; x_wconf 87' lang='lat' dir='ltr'>assumat,</span> <span class='ocrx_word' id='word_1_98' title='bbox 527 1245 598 1313; x_wconf 91' lang='lat' dir='ltr'>puto</span> <span class='ocrx_word' id='word_1_99' title='bbox 621 1238 698 1314; x_wconf 93' lang='lat' dir='ltr'>quod</span> <span class='ocrx_word' id='word_1_100' title='bbox 714 1240 834 1314; x_wconf 72' lang='lat' dir='ltr'>turpiter</span> <span class='ocrx_word' id='word_1_101' title='bbox 848 1240 1092 1299; x_wconf 85' lang='lat' dir='ltr'>consentientibus</span> <span class='ocrx_word' id='word_1_102' title='bbox 1113 1239 1179 1298; x_wconf 89' lang='lat' dir='ltr'>illu·</span> 
     </span>
     <span class='ocr_line' id='line_1_13' title="bbox 145 1323 769 1384; baseline 0 0"><span class='ocrx_word' id='word_1_103' title='bbox 145 1324 201 1384; x_wconf 90' lang='lat' dir='ltr'>dat.</span> <span class='ocrx_word' id='word_1_104' title='bbox 243 1323 476 1384; x_wconf 86' lang='lat' dir='ltr'><strong>MONACHUS:</strong></span> <span class='ocrx_word' id='word_1_105' title='bbox 498 1324 563 1384; x_wconf 88' lang='lat' dir='ltr'>Hoc</span> <span class='ocrx_word' id='word_1_106' title='bbox 586 1332 629 1383; x_wconf 91' lang='lat' dir='ltr'>est</span> <span class='ocrx_word' id='word_1_107' title='bbox 652 1331 769 1384; x_wconf 90' lang='lat' dir='ltr'>certum.</span> 
     </span>
    </p>
   </div>
   <div class='ocr_carea' id='block_1_3' title="bbox 514 1513 841 1574">
    <p class='ocr_par' dir='ltr' id='par_1_3' title="bbox 514 1513 841 1574">
     <span class='ocr_line' id='line_1_14' title="bbox 514 1513 841 1574; baseline -0.003 -1"><span class='ocrx_word' id='word_1_108' title='bbox 514 1513 747 1574; x_wconf 83' lang='lat' dir='ltr'><strong>CAPITULUM</strong></span> <span class='ocrx_word' id='word_1_109' title='bbox 768 1514 801 1572; x_wconf 93' lang='lat' dir='ltr'>L.</span> <span class='ocrx_word' id='word_1_110' title='bbox 838 1515 841 1519; x_wconf 83' lang='lat'>&#39;</span> 
     </span>
    </p>
   </div>
   <div class='ocr_carea' id='block_1_4' title="bbox 143 1636 1179 1782">
    <p class='ocr_par' dir='ltr' id='par_1_4' title="bbox 143 1636 1179 1782">
     <span class='ocr_line' id='line_1_15' title="bbox 143 1636 1179 1782; baseline 0.004 -88"><span class='ocrx_word' id='word_1_111' title='bbox 143 1637 191 1695; x_wconf 85' lang='lat' dir='ltr'>De</span> <span class='ocrx_word' id='word_1_112' title='bbox 211 1637 334 1708; x_wconf 81' lang='lat' dir='ltr'>inclusa,</span> <span class='ocrx_word' id='word_1_113' title='bbox 357 1655 435 1712; x_wconf 85' lang='lat' dir='ltr'>quoe</span> <span class='ocrx_word' id='word_1_114' title='bbox 448 1636 603 1782; x_wconf 53' lang='lat' dir='ltr'>ducturoqdeq</span> <span class='ocrx_word' id='word_1_115' title='bbox 617 1637 691 1782; x_wconf 42' lang='lat' dir='ltr'>¹qjicb&#39;t</span> <span class='ocrx_word' id='word_1_116' title='bbox 710 1655 800 1712; x_wconf 77' lang='lat' dir='ltr'>seper</span> <span class='ocrx_word' id='word_1_117' title='bbox 811 1637 950 1712; x_wconf 61' lang='lat' dir='ltr'>scopum</span> <span class='ocrx_word' id='word_1_118' title='bbox 962 1637 1179 1698; x_wconf 67' lang='lat' dir='ltr'>menomenas</span> 
     </span>
     <span class='ocr_line' id='line_1_16' title="bbox 651 1731 755 1782; baseline -0.01 0"><span class='ocrx_word' id='word_1_119' title='bbox 651 1731 755 1782; x_wconf 77' lang='lat' dir='ltr'>acceto.</span> 
     </span>
    </p>
   </div>
   <div class='ocr_carea' id='block_1_5' title="bbox 141 1842 1177 3892">
    <p class='ocr_par' dir='ltr' id='par_1_5' title="bbox 141 1842 1177 3566">
     <span class='ocr_line' id='line_1_17' title="bbox 207 1842 1177 1920; baseline 0.005 -19"><span class='ocrx_word' id='word_1_120' title='bbox 207 1843 324 1903; x_wconf 82' lang='lat' dir='ltr'>Inclusa</span> <span class='ocrx_word' id='word_1_121' title='bbox 351 1844 494 1918; x_wconf 89' lang='lat' dir='ltr'>quaedam</span> <span class='ocrx_word' id='word_1_122' title='bbox 524 1844 680 1903; x_wconf 84' lang='lat' dir='ltr'>admodum</span> <span class='ocrx_word' id='word_1_123' title='bbox 707 1844 841 1919; x_wconf 82' lang='lat' dir='ltr'>religiosa</span> <span class='ocrx_word' id='word_1_124' title='bbox 860 1842 1036 1920; x_wconf 80' lang='lat' dir='ltr'>Aquisgrani</span> <span class='ocrx_word' id='word_1_125' title='bbox 1064 1854 1177 1917; x_wconf 81' lang='lat' dir='ltr'>manet,</span> 
     </span>
     <span class='ocr_line' id='line_1_18' title="bbox 143 1930 1177 2008; baseline 0.002 -18"><span class='ocrx_word' id='word_1_126' title='bbox 143 1931 213 1990; x_wconf 88' lang='lat' dir='ltr'>satis</span> <span class='ocrx_word' id='word_1_127' title='bbox 233 1930 304 1988; x_wconf 89' lang='lat' dir='ltr'>mihi</span> <span class='ocrx_word' id='word_1_128' title='bbox 324 1938 400 2004; x_wconf 87' lang='lat' dir='ltr'>nota,</span> <span class='ocrx_word' id='word_1_129' title='bbox 423 1934 503 1990; x_wconf 91' lang='lat' dir='ltr'>cuius</span> <span class='ocrx_word' id='word_1_130' title='bbox 516 1949 620 1990; x_wconf 91' lang='lat' dir='ltr'>nomen</span> <span class='ocrx_word' id='word_1_131' title='bbox 632 1934 786 2006; x_wconf 88' lang='lat' dir='ltr'>supprimo,</span> <span class='ocrx_word' id='word_1_132' title='bbox 807 1947 843 1989; x_wconf 91' lang='lat' dir='ltr'>ue</span> <span class='ocrx_word' id='word_1_133' title='bbox 865 1934 890 1990; x_wconf 91' lang='lat' dir='ltr'>ei</span> <span class='ocrx_word' id='word_1_134' title='bbox 909 1948 998 1990; x_wconf 85' lang='lat' dir='ltr'>eausa</span> <span class='ocrx_word' id='word_1_135' title='bbox 1017 1931 1090 1992; x_wconf 85' lang='lat' dir='ltr'>fiam</span> <span class='ocrx_word' id='word_1_136' title='bbox 1110 1948 1177 2008; x_wconf 84' lang='lat' dir='ltr'>pm·</span> 
     </span>
     <span class='ocr_line' id='line_1_19' title="bbox 144 2017 1176 2092; baseline 0.003 -16"><span class='ocrx_word' id='word_1_137' title='bbox 144 2019 305 2076; x_wconf 87' lang='lat' dir='ltr'>secutionis.</span> <span class='ocrx_word' id='word_1_138' title='bbox 347 2017 429 2077; x_wconf 90' lang='lat' dir='ltr'>Haec</span> <span class='ocrx_word' id='word_1_139' title='bbox 444 2024 510 2077; x_wconf 90' lang='lat' dir='ltr'>ante</span> <span class='ocrx_word' id='word_1_140' title='bbox 524 2018 718 2092; x_wconf 89' lang='lat' dir='ltr'>reclusionem,</span> <span class='ocrx_word' id='word_1_141' title='bbox 741 2035 806 2076; x_wconf 92' lang='lat' dir='ltr'>cum</span> <span class='ocrx_word' id='word_1_142' title='bbox 818 2017 912 2077; x_wconf 90' lang='lat' dir='ltr'>adhuc</span> <span class='ocrx_word' id='word_1_143' title='bbox 934 2024 1010 2087; x_wconf 80' lang='lat' dir='ltr'>esset</span> <span class='ocrx_word' id='word_1_144' title='bbox 1030 2020 1061 2076; x_wconf 92' lang='lat' dir='ltr'>in</span> <span class='ocrx_word' id='word_1_145' title='bbox 1082 2026 1176 2079; x_wconf 71' lang='lat' dir='ltr'>acute</span> 
     </span>
     <span class='ocr_line' id='line_1_20' title="bbox 143 2092 1176 2179; baseline 0.003 -17"><span class='ocrx_word' id='word_1_146' title='bbox 143 2102 275 2179; x_wconf 76' lang='lat' dir='ltr'>puellari,</span> <span class='ocrx_word' id='word_1_147' title='bbox 304 2110 333 2162; x_wconf 90' lang='lat' dir='ltr'>ot</span> <span class='ocrx_word' id='word_1_148' title='bbox 354 2107 383 2161; x_wconf 89' lang='lat' dir='ltr'>iu</span> <span class='ocrx_word' id='word_1_149' title='bbox 404 2092 505 2163; x_wconf 78' lang='lat' dir='ltr'>habitu</span> <span class='ocrx_word' id='word_1_150' title='bbox 526 2104 679 2178; x_wconf 86' lang='lat' dir='ltr'>saeculari,</span> <span class='ocrx_word' id='word_1_151' title='bbox 708 2104 840 2179; x_wconf 82' lang='lat' dir='ltr'>religiosa</span> <span class='ocrx_word' id='word_1_152' title='bbox 861 2111 972 2178; x_wconf 89' lang='lat' dir='ltr'>tumen,</span> <span class='ocrx_word' id='word_1_153' title='bbox 998 2107 1030 2162; x_wconf 90' lang='lat' dir='ltr'>in</span> <span class='ocrx_word' id='word_1_154' title='bbox 1051 2104 1176 2165; x_wconf 84' lang='lat' dir='ltr'>humeris</span> 
     </span>
     <span class='ocr_line' id='line_1_21' title="bbox 145 2191 1176 2264; baseline 0.001 -15"><span class='ocrx_word' id='word_1_155' title='bbox 145 2197 174 2249; x_wconf 88' lang='lat' dir='ltr'>et</span> <span class='ocrx_word' id='word_1_156' title='bbox 204 2192 234 2246; x_wconf 92' lang='lat' dir='ltr'>in</span> <span class='ocrx_word' id='word_1_157' title='bbox 266 2191 388 2264; x_wconf 90' lang='lat' dir='ltr'>scapulis</span> <span class='ocrx_word' id='word_1_158' title='bbox 421 2191 624 2251; x_wconf 89' lang='lat' dir='ltr'>monachorum</span> <span class='ocrx_word' id='word_1_159' title='bbox 658 2191 694 2249; x_wconf 94' lang='lat' dir='ltr'>de</span> <span class='ocrx_word' id='word_1_160' title='bbox 721 2191 842 2250; x_wconf 90' lang='lat' dir='ltr'>Poreeto</span> <span class='ocrx_word' id='word_1_161' title='bbox 872 2191 1118 2251; x_wconf 75' lang='lat' dir='ltr'>deambulantium</span> <span class='ocrx_word' id='word_1_162' title='bbox 1147 2195 1176 2250; x_wconf 91' lang='lat' dir='ltr'>iu</span> 
     </span>
     <span class='ocr_line' id='line_1_22' title="bbox 144 2274 1175 2356; baseline 0 -20"><span class='ocrx_word' id='word_1_163' title='bbox 144 2279 266 2336; x_wconf 90' lang='lat' dir='ltr'>oratorio</span> <span class='ocrx_word' id='word_1_164' title='bbox 289 2277 442 2335; x_wconf 90' lang='lat' dir='ltr'>daemones</span> <span class='ocrx_word' id='word_1_165' title='bbox 463 2280 492 2334; x_wconf 92' lang='lat' dir='ltr'>in</span> <span class='ocrx_word' id='word_1_166' title='bbox 512 2278 608 2336; x_wconf 86' lang='lat' dir='ltr'>formis</span> <span class='ocrx_word' id='word_1_167' title='bbox 625 2274 816 2356; x_wconf 52' lang='lat' dir='ltr'>symearuml)</span> <span class='ocrx_word' id='word_1_168' title='bbox 839 2285 926 2352; x_wconf 91' lang='lat' dir='ltr'>atque</span> <span class='ocrx_word' id='word_1_169' title='bbox 948 2285 1091 2338; x_wconf 70' lang='lat' dir='ltr'>catorum</span> <span class='ocrx_word' id='word_1_170' title='bbox 1104 2281 1175 2337; x_wconf 88' lang='lat' dir='ltr'>resi·</span> 
     </span>
     <span class='ocr_line' id='line_1_23' title="bbox 144 2362 1176 2444; baseline 0.002 -23"><span class='ocrx_word' id='word_1_171' title='bbox 144 2362 211 2422; x_wconf 89' lang='lat' dir='ltr'>dere</span> <span class='ocrx_word' id='word_1_172' title='bbox 234 2367 389 2438; x_wconf 82' lang='lat' dir='ltr'>conspexit.</span> <span class='ocrx_word' id='word_1_173' title='bbox 424 2363 461 2421; x_wconf 87' lang='lat' dir='ltr'>Et</span> <span class='ocrx_word' id='word_1_174' title='bbox 473 2366 540 2438; x_wconf 89' lang='lat' dir='ltr'>quia</span> <span class='ocrx_word' id='word_1_175' title='bbox 549 2362 569 2444; x_wconf 82' lang='lat'>⁵)</span> <span class='ocrx_word' id='word_1_176' title='bbox 584 2364 725 2440; x_wconf 89' lang='lat' dir='ltr'>quosdam</span> <span class='ocrx_word' id='word_1_177' title='bbox 747 2382 782 2424; x_wconf 88' lang='lat' dir='ltr'>ex</span> <span class='ocrx_word' id='word_1_178' title='bbox 803 2365 859 2424; x_wconf 91' lang='lat' dir='ltr'>illis</span> <span class='ocrx_word' id='word_1_179' title='bbox 872 2367 930 2423; x_wconf 92' lang='lat' dir='ltr'>iam</span> <span class='ocrx_word' id='word_1_180' title='bbox 950 2382 1002 2440; x_wconf 89' lang='lat' dir='ltr'>per</span> <span class='ocrx_word' id='word_1_181' title='bbox 1021 2382 1176 2424; x_wconf 88' lang='lat' dir='ltr'>consensus</span> 
     </span>
     <span class='ocr_line' id='line_1_24' title="bbox 144 2451 1175 2527; baseline 0.003 -20"><span class='ocrx_word' id='word_1_182' title='bbox 144 2451 274 2507; x_wconf 87' lang='lat' dir='ltr'>vitiorum</span> <span class='ocrx_word' id='word_1_183' title='bbox 297 2453 426 2525; x_wconf 87' lang='lat' dir='ltr'>captivos</span> <span class='ocrx_word' id='word_1_184' title='bbox 448 2453 599 2526; x_wconf 87' lang='lat' dir='ltr'>tenebant,</span> <span class='ocrx_word' id='word_1_185' title='bbox 630 2451 667 2510; x_wconf 87' lang='lat' dir='ltr'>ad</span> <span class='ocrx_word' id='word_1_186' title='bbox 689 2469 887 2526; x_wconf 88' lang='lat' dir='ltr'>quemcunque</span> <span class='ocrx_word' id='word_1_187' title='bbox 908 2451 1005 2510; x_wconf 91' lang='lat' dir='ltr'>locum</span> <span class='ocrx_word' id='word_1_188' title='bbox 1025 2453 1088 2511; x_wconf 88' lang='lat' dir='ltr'>sive</span> <span class='ocrx_word' id='word_1_189' title='bbox 1109 2469 1175 2527; x_wconf 93' lang='lat' dir='ltr'>per·</span> 
     </span>
     <span class='ocr_line' id='line_1_25' title="bbox 143 2537 1176 2617; baseline 0.002 -22"><span class='ocrx_word' id='word_1_190' title='bbox 143 2554 243 2595; x_wconf 90' lang='lat' dir='ltr'>sonam</span> <span class='ocrx_word' id='word_1_191' title='bbox 259 2537 461 2612; x_wconf 88' lang='lat' dir='ltr'>phantasmata</span> <span class='ocrx_word' id='word_1_192' title='bbox 479 2539 674 2617; x_wconf 85' lang='lat' dir='ltr'>respiciebant,</span> <span class='ocrx_word' id='word_1_193' title='bbox 695 2539 900 2597; x_wconf 89' lang='lat' dir='ltr'>monachorum</span> <span class='ocrx_word' id='word_1_194' title='bbox 919 2538 993 2596; x_wconf 90' lang='lat' dir='ltr'>oculi</span> <span class='ocrx_word' id='word_1_195' title='bbox 1011 2539 1176 2613; x_wconf 89' lang='lat' dir='ltr'>sequeban-</span> 
     </span>
     <span class='ocr_line' id='line_1_26' title="bbox 143 2624 1175 2702; baseline -0.001 -21"><span class='ocrx_word' id='word_1_196' title='bbox 143 2630 196 2697; x_wconf 86' lang='lat' dir='ltr'>tur,</span> <span class='ocrx_word' id='word_1_197' title='bbox 219 2631 247 2682; x_wconf 89' lang='lat' dir='ltr'>et</span> <span class='ocrx_word' id='word_1_198' title='bbox 268 2624 426 2682; x_wconf 90' lang='lat' dir='ltr'>secuudum</span> <span class='ocrx_word' id='word_1_199' title='bbox 439 2624 569 2683; x_wconf 85' lang='lat' dir='ltr'>levitates</span> <span class='ocrx_word' id='word_1_200' title='bbox 589 2625 700 2683; x_wconf 91' lang='lat' dir='ltr'>illorum</span> <span class='ocrx_word' id='word_1_201' title='bbox 714 2633 812 2702; x_wconf 87' lang='lat' dir='ltr'>gestus</span> <span class='ocrx_word' id='word_1_202' title='bbox 833 2628 953 2684; x_wconf 89' lang='lat' dir='ltr'>istorum</span> <span class='ocrx_word' id='word_1_203' title='bbox 971 2625 1175 2683; x_wconf 84' lang='lat' dir='ltr'>lonuabantur.</span> 
     </span>
     <span class='ocr_line' id='line_1_27' title="bbox 143 2709 1176 2792; baseline 0.002 -24"><span class='ocrx_word' id='word_1_204' title='bbox 143 2710 223 2768; x_wconf 88' lang='lat' dir='ltr'>Vidit</span> <span class='ocrx_word' id='word_1_205' title='bbox 243 2711 337 2769; x_wconf 89' lang='lat' dir='ltr'>adhuc</span> <span class='ocrx_word' id='word_1_206' title='bbox 359 2711 437 2786; x_wconf 90' lang='lat' dir='ltr'>quod</span> <span class='ocrx_word' id='word_1_207' title='bbox 458 2711 617 2770; x_wconf 88' lang='lat' dir='ltr'>horribilius</span> <span class='ocrx_word' id='word_1_208' title='bbox 643 2709 740 2792; x_wconf 82' lang='lat' dir='ltr'>erat⁶).</span> <span class='ocrx_word' id='word_1_209' title='bbox 785 2711 934 2786; x_wconf 87' lang='lat' dir='ltr'>Quosdam</span> <span class='ocrx_word' id='word_1_210' title='bbox 955 2727 991 2769; x_wconf 85' lang='lat' dir='ltr'>ex</span> <span class='ocrx_word' id='word_1_211' title='bbox 1010 2711 1067 2769; x_wconf 89' lang='lat' dir='ltr'>illis</span> <span class='ocrx_word' id='word_1_212' title='bbox 1089 2728 1176 2770; x_wconf 79' lang='lat' dir='ltr'>canes</span> 
     </span>
     <span class='ocr_line' id='line_1_28' title="bbox 143 2798 1175 2873; baseline 0.002 -20"><span class='ocrx_word' id='word_1_213' title='bbox 143 2799 240 2871; x_wconf 81' lang='lat' dir='ltr'>magni</span> <span class='ocrx_word' id='word_1_214' title='bbox 261 2804 289 2854; x_wconf 90' lang='lat' dir='ltr'>et</span> <span class='ocrx_word' id='word_1_215' title='bbox 311 2801 376 2856; x_wconf 89' lang='lat' dir='ltr'>tetri</span> <span class='ocrx_word' id='word_1_216' title='bbox 396 2799 617 2871; x_wconf 88' lang='lat' dir='ltr'>antecedebant,</span> <span class='ocrx_word' id='word_1_217' title='bbox 649 2798 689 2856; x_wconf 85' lang='lat' dir='ltr'>ita</span> <span class='ocrx_word' id='word_1_218' title='bbox 710 2804 742 2856; x_wconf 91' lang='lat' dir='ltr'>ut</span> <span class='ocrx_word' id='word_1_219' title='bbox 764 2806 895 2873; x_wconf 81' lang='lat' dir='ltr'>catenae,</span> <span class='ocrx_word' id='word_1_220' title='bbox 928 2800 1053 2872; x_wconf 89' lang='lat' dir='ltr'>quaein</span> <span class='ocrx_word' id='word_1_221' title='bbox 1076 2814 1175 2856; x_wconf 91' lang='lat' dir='ltr'>eorum</span> 
     </span>
     <span class='ocr_line' id='line_1_29' title="bbox 143 2882 1176 2959; baseline 0.002 -18"><span class='ocrx_word' id='word_1_222' title='bbox 143 2882 223 2941; x_wconf 92' lang='lat' dir='ltr'>collis</span> <span class='ocrx_word' id='word_1_223' title='bbox 244 2883 428 2952; x_wconf 84' lang='lat' dir='ltr'>videbantur,</span> <span class='ocrx_word' id='word_1_224' title='bbox 458 2887 544 2943; x_wconf 91' lang='lat' dir='ltr'>etiam</span> <span class='ocrx_word' id='word_1_225' title='bbox 566 2884 640 2944; x_wconf 91' lang='lat' dir='ltr'>colla</span> <span class='ocrx_word' id='word_1_226' title='bbox 661 2885 866 2945; x_wconf 90' lang='lat' dir='ltr'>monachorum</span> <span class='ocrx_word' id='word_1_227' title='bbox 887 2885 1041 2958; x_wconf 88' lang='lat' dir='ltr'>ambirent,</span> <span class='ocrx_word' id='word_1_228' title='bbox 1070 2884 1176 2959; x_wconf 88' lang='lat' dir='ltr'>quibus</span> 
     </span>
     <span class='ocr_line' id='line_1_30' title="bbox 142 2968 1174 3046; baseline 0 -18"><span class='ocrx_word' id='word_1_229' title='bbox 142 2968 179 3028; x_wconf 87' lang='lat' dir='ltr'>ad</span> <span class='ocrx_word' id='word_1_230' title='bbox 201 2986 254 3027; x_wconf 85' lang='lat' dir='ltr'>sua</span> <span class='ocrx_word' id='word_1_231' title='bbox 275 2969 397 3029; x_wconf 90' lang='lat' dir='ltr'>ludibria</span> <span class='ocrx_word' id='word_1_232' title='bbox 417 2971 480 3031; x_wconf 90' lang='lat' dir='ltr'>illos</span> <span class='ocrx_word' id='word_1_233' title='bbox 502 2972 661 3031; x_wconf 89' lang='lat' dir='ltr'>trahebant.</span> <span class='ocrx_word' id='word_1_234' title='bbox 703 2970 905 3031; x_wconf 83' lang='lat' dir='ltr'>NOVIClUS:</span> <span class='ocrx_word' id='word_1_235' title='bbox 930 2970 997 3029; x_wconf 90' lang='lat' dir='ltr'>Heu</span> <span class='ocrx_word' id='word_1_236' title='bbox 1019 2971 1101 3046; x_wconf 91' lang='lat' dir='ltr'>quod</span> <span class='ocrx_word' id='word_1_237' title='bbox 1120 2970 1174 3029; x_wconf 90' lang='lat' dir='ltr'>ho-</span> 
     </span>
     <span class='ocr_line' id='line_1_31' title="bbox 142 3055 1175 3132; baseline 0.005 -20"><span class='ocrx_word' id='word_1_238' title='bbox 142 3056 233 3117; x_wconf 90' lang='lat' dir='ltr'>miues</span> <span class='ocrx_word' id='word_1_239' title='bbox 255 3055 292 3113; x_wconf 87' lang='lat' dir='ltr'>ad</span> <span class='ocrx_word' id='word_1_240' title='bbox 312 3059 466 3131; x_wconf 78' lang='lat' dir='ltr'>imaginem</span> <span class='ocrx_word' id='word_1_241' title='bbox 495 3066 524 3117; x_wconf 91' lang='lat' dir='ltr'>et</span> <span class='ocrx_word' id='word_1_242' title='bbox 544 3058 754 3118; x_wconf 89' lang='lat' dir='ltr'>similitudinem</span> <span class='ocrx_word' id='word_1_243' title='bbox 775 3058 832 3116; x_wconf 92' lang='lat' dir='ltr'>Dei</span> <span class='ocrx_word' id='word_1_244' title='bbox 853 3059 954 3130; x_wconf 90' lang='lat' dir='ltr'>creati,</span> <span class='ocrx_word' id='word_1_245' title='bbox 987 3063 1016 3115; x_wconf 91' lang='lat' dir='ltr'>et</span> <span class='ocrx_word' id='word_1_246' title='bbox 1037 3055 1175 3132; x_wconf 83' lang='lat' dir='ltr'>dignitate</span> 
     </span>
     <span class='ocr_line' id='line_1_32' title="bbox 143 3141 1175 3219; baseline 0.003 -20"><span class='ocrx_word' id='word_1_247' title='bbox 143 3141 247 3199; x_wconf 90' lang='lat' dir='ltr'>ordinis</span> <span class='ocrx_word' id='word_1_248' title='bbox 270 3145 355 3200; x_wconf 90' lang='lat' dir='ltr'>etiam</span> <span class='ocrx_word' id='word_1_249' title='bbox 370 3143 530 3204; x_wconf 89' lang='lat' dir='ltr'>bominibus</span> <span class='ocrx_word' id='word_1_250' title='bbox 551 3148 673 3204; x_wconf 87' lang='lat' dir='ltr'>maiores</span> <span class='ocrx_word' id='word_1_251' title='bbox 692 3145 792 3218; x_wconf 81' lang='lat' dir='ltr'>effecti,</span> <span class='ocrx_word' id='word_1_252' title='bbox 814 3145 863 3219; x_wconf 92' lang='lat' dir='ltr'>qui</span> <span class='ocrx_word' id='word_1_253' title='bbox 883 3143 1028 3218; x_wconf 90' lang='lat' dir='ltr'>spiritibus</span> <span class='ocrx_word' id='word_1_254' title='bbox 1048 3145 1175 3203; x_wconf 91' lang='lat' dir='ltr'>immun·</span> 
     </span>
     <span class='ocr_line' id='line_1_33' title="bbox 143 3226 1175 3307; baseline 0.005 -22"><span class='ocrx_word' id='word_1_255' title='bbox 143 3226 186 3285; x_wconf 91' lang='lat' dir='ltr'>dis</span> <span class='ocrx_word' id='word_1_256' title='bbox 207 3230 345 3303; x_wconf 88' lang='lat' dir='ltr'>imperare</span> <span class='ocrx_word' id='word_1_257' title='bbox 368 3231 536 3304; x_wconf 85' lang='lat' dir='ltr'>debuerant,</span> <span class='ocrx_word' id='word_1_258' title='bbox 567 3233 603 3290; x_wconf 88' lang='lat' dir='ltr'>ab</span> <span class='ocrx_word' id='word_1_259' title='bbox 633 3234 702 3306; x_wconf 89' lang='lat' dir='ltr'>ipsis</span> <span class='ocrx_word' id='word_1_260' title='bbox 728 3237 843 3307; x_wconf 90' lang='lat' dir='ltr'>propter</span> <span class='ocrx_word' id='word_1_261' title='bbox 870 3230 976 3289; x_wconf 87' lang='lat' dir='ltr'>malam</span> <span class='ocrx_word' id='word_1_262' title='bbox 1003 3231 1095 3289; x_wconf 86' lang='lat' dir='ltr'>vitam</span> <span class='ocrx_word' id='word_1_263' title='bbox 1117 3237 1175 3290; x_wconf 81' lang='lat' dir='ltr'>tan</span> 
     </span>
     <span class='ocr_line' id='line_1_34' title="bbox 142 3313 1175 3392; baseline 0.003 -21"><span class='ocrx_word' id='word_1_264' title='bbox 142 3313 234 3372; x_wconf 90' lang='lat' dir='ltr'>viliter</span> <span class='ocrx_word' id='word_1_265' title='bbox 264 3315 428 3374; x_wconf 85' lang='lat' dir='ltr'>illuduntur.</span> <span class='ocrx_word' id='word_1_266' title='bbox 478 3317 712 3376; x_wconf 81' lang='lat' dir='ltr'>MONACHUS:</span> <span class='ocrx_word' id='word_1_267' title='bbox 744 3319 809 3377; x_wconf 91' lang='lat' dir='ltr'>Hoc</span> <span class='ocrx_word' id='word_1_268' title='bbox 839 3324 881 3375; x_wconf 90' lang='lat' dir='ltr'>est</span> <span class='ocrx_word' id='word_1_269' title='bbox 911 3316 988 3392; x_wconf 91' lang='lat' dir='ltr'>quod</span> <span class='ocrx_word' id='word_1_270' title='bbox 1020 3316 1175 3375; x_wconf 84' lang='lat' dir='ltr'>Psalmista</span> 
     </span>
     <span class='ocr_line' id='line_1_35' title="bbox 141 3403 1175 3476; baseline 0.003 -16"><span class='ocrx_word' id='word_1_271' title='bbox 141 3405 322 3476; x_wconf 86' lang='lat' dir='ltr'>conqueritur</span> <span class='ocrx_word' id='word_1_272' title='bbox 344 3403 454 3461; x_wconf 89' lang='lat' dir='ltr'>diceus:</span> <span class='ocrx_word' id='word_1_273' title='bbox 477 3406 576 3462; x_wconf 85' lang='lat' dir='ltr'>Homo</span> <span class='ocrx_word' id='word_1_274' title='bbox 591 3424 658 3462; x_wconf 77' lang='lat' dir='ltr'>cum</span> <span class='ocrx_word' id='word_1_275' title='bbox 672 3408 704 3461; x_wconf 82' lang='lat' dir='ltr'>in</span> <span class='ocrx_word' id='word_1_276' title='bbox 717 3406 827 3462; x_wconf 76' lang='lat' dir='ltr'>bonore</span> <span class='ocrx_word' id='word_1_277' title='bbox 842 3411 920 3475; x_wconf 81' lang='lat' dir='ltr'>essct,</span> <span class='ocrx_word' id='word_1_278' title='bbox 942 3421 1003 3462; x_wconf 77' lang='lat' dir='ltr'>noer</span> <span class='ocrx_word' id='word_1_279' title='bbox 1018 3405 1175 3475; x_wconf 50' lang='lat' dir='ltr'>intellecta·</span> 
     </span>
     <span class='ocr_line' id='line_1_36' title="bbox 141 3490 1176 3566; baseline 0.003 -21"><span class='ocrx_word' id='word_1_280' title='bbox 141 3495 331 3562; x_wconf 69' lang='lat' dir='ltr'>comprecatus</span> <span class='ocrx_word' id='word_1_281' title='bbox 360 3497 401 3548; x_wconf 84' lang='lat' dir='ltr'>est</span> <span class='ocrx_word' id='word_1_282' title='bbox 427 3494 563 3549; x_wconf 75' lang='lat' dir='ltr'>tormentis</span> <span class='ocrx_word' id='word_1_283' title='bbox 584 3491 798 3565; x_wconf 78' lang='lat' dir='ltr'>insipientibus,</span> <span class='ocrx_word' id='word_1_284' title='bbox 828 3499 855 3549; x_wconf 87' lang='lat' dir='ltr'>et</span> <span class='ocrx_word' id='word_1_285' title='bbox 883 3492 983 3549; x_wconf 77' lang='lat' dir='ltr'>similis</span> <span class='ocrx_word' id='word_1_286' title='bbox 1009 3490 1114 3566; x_wconf 76' lang='lat' dir='ltr'>factae</span> <span class='ocrx_word' id='word_1_287' title='bbox 1137 3497 1176 3549; x_wconf 85' lang='lat' dir='ltr'>est</span> 
     </span>
    </p>

    <p class='ocr_par' dir='ltr' id='par_1_6' title="bbox 160 3603 1176 3744">
     <span class='ocr_line' id='line_1_37' title="bbox 160 3603 1176 3674; baseline 0.004 -20"><span class='ocrx_word' id='word_1_288' title='bbox 160 3604 190 3670; x_wconf 93' lang='grc'>1)</span> <span class='ocrx_word' id='word_1_289' title='bbox 207 3603 291 3655; x_wconf 80' lang='lat' dir='ltr'>ACDP</span> <span class='ocrx_word' id='word_1_290' title='bbox 309 3603 369 3655; x_wconf 89' lang='lat' dir='ltr'>huc</span> <span class='ocrx_word' id='word_1_291' title='bbox 392 3605 546 3672; x_wconf 91' lang='lat' dir='ltr'>illucque.</span> <span class='ocrx_word' id='word_1_292' title='bbox 583 3607 640 3658; x_wconf 84' lang='lat' dir='ltr'>llox</span> <span class='ocrx_word' id='word_1_293' title='bbox 664 3606 789 3659; x_wconf 78' lang='lat' dir='ltr'>AGDPllll</span> <span class='ocrx_word' id='word_1_294' title='bbox 813 3609 1032 3673; x_wconf 88' lang='lat' dir='ltr'>conspiceret,</span> <span class='ocrx_word' id='word_1_295' title='bbox 1049 3606 1070 3658; x_wconf 89' lang='lat' dir='ltr'><strong>B</strong></span> <span class='ocrx_word' id='word_1_296' title='bbox 1089 3608 1176 3674; x_wconf 85' lang='lat' dir='ltr'>aspi·</span> 
     </span>
     <span class='ocr_line' id='line_1_38' title="bbox 210 3675 1175 3744; baseline 0.002 -21"><span class='ocrx_word' id='word_1_297' title='bbox 210 3681 308 3724; x_wconf 90' lang='lat' dir='ltr'>cerct.</span> <span class='ocrx_word' id='word_1_298' title='bbox 328 3703 358 3713; x_wconf 91' lang='lat'>-</span> <span class='ocrx_word' id='word_1_299' title='bbox 378 3675 410 3742; x_wconf 83' lang='lat'>2)</span> <span class='ocrx_word' id='word_1_300' title='bbox 428 3677 496 3743; x_wconf 30' lang='lat' dir='ltr'>conl..</span> <span class='ocrx_word' id='word_1_301' title='bbox 513 3677 576 3727; x_wconf 89' lang='lat' dir='ltr'>inlra</span> <span class='ocrx_word' id='word_1_302' title='bbox 593 3677 651 3738; x_wconf 89' lang='lat' dir='ltr'>Vll,</span> <span class='ocrx_word' id='word_1_303' title='bbox 673 3678 697 3726; x_wconf 83' lang='lat'>7.</span> <span class='ocrx_word' id='word_1_304' title='bbox 716 3708 748 3714; x_wconf 94' lang='lat'>-</span> <span class='ocrx_word' id='word_1_305' title='bbox 768 3678 799 3744; x_wconf 85' lang='grc'>3)</span> <span class='ocrx_word' id='word_1_306' title='bbox 817 3676 837 3728; x_wconf 84' lang='grc' dir='ltr'>Ο</span> <span class='ocrx_word' id='word_1_307' title='bbox 855 3676 918 3744; x_wconf 70' lang='lat' dir='ltr'>rig.</span> <span class='ocrx_word' id='word_1_308' title='bbox 939 3705 969 3715; x_wconf 93' lang='lat'>-·</span> <span class='ocrx_word' id='word_1_309' title='bbox 988 3676 1020 3742; x_wconf 78' lang='lat'>4)</span> <span class='ocrx_word' id='word_1_310' title='bbox 1039 3678 1175 3728; x_wconf 84' lang='lat' dir='ltr'>simiarum.</span> 
     </span>
    </p>

    <p class='ocr_par' dir='ltr' id='par_1_7' title="bbox 206 3744 1175 3815">
     <span class='ocr_line' id='line_1_39' title="bbox 206 3744 1175 3815; baseline -0.003 -16"><span class='ocrx_word' id='word_1_311' title='bbox 206 3774 236 3785; x_wconf 91' lang='lat'>-</span> <span class='ocrx_word' id='word_1_312' title='bbox 256 3745 290 3815; x_wconf 81' lang='lat'>5)</span> <span class='ocrx_word' id='word_1_313' title='bbox 313 3745 388 3815; x_wconf 85' lang='lat' dir='ltr'>quio</span> <span class='ocrx_word' id='word_1_314' title='bbox 413 3760 454 3797; x_wconf 82' lang='lat' dir='ltr'>our</span> <span class='ocrx_word' id='word_1_315' title='bbox 472 3744 502 3798; x_wconf 90' lang='lat' dir='ltr'>B.</span> <span class='ocrx_word' id='word_1_316' title='bbox 522 3776 553 3785; x_wconf 77' lang='lat'>—</span> <span class='ocrx_word' id='word_1_317' title='bbox 572 3746 606 3814; x_wconf 76' lang='grc'>6)</span> <span class='ocrx_word' id='word_1_318' title='bbox 621 3745 643 3797; x_wconf 76' lang='lat' dir='ltr'>ll</span> <span class='ocrx_word' id='word_1_319' title='bbox 661 3754 727 3810; x_wconf 83' lang='lat' dir='ltr'>est,</span> <span class='ocrx_word' id='word_1_320' title='bbox 749 3755 779 3796; x_wconf 83' lang='lat' dir='ltr'>ut</span> <span class='ocrx_word' id='word_1_321' title='bbox 794 3745 883 3797; x_wconf 85' lang='lat' dir='ltr'>llomil.</span> <span class='ocrx_word' id='word_1_322' title='bbox 902 3746 920 3797; x_wconf 91' lang='lat' dir='ltr'>l.</span> <span class='ocrx_word' id='word_1_323' title='bbox 938 3762 963 3812; x_wconf 87' lang='lat' dir='ltr'>p.</span> <span class='ocrx_word' id='word_1_324' title='bbox 984 3746 1048 3797; x_wconf 75' lang='lat'>1442</span> <span class='ocrx_word' id='word_1_325' title='bbox 1069 3746 1175 3811; x_wconf 77' lang='lat' dir='ltr'>„siradet</span> 
     </span>
    </p>

    <p class='ocr_par' dir='ltr' id='par_1_8' title="bbox 195 3814 647 3892">
     <span class='ocr_line' id='line_1_40' title="bbox 195 3814 647 3892; baseline -0.007 -22"><span class='ocrx_word' id='word_1_326' title='bbox 195 3814 284 3873; x_wconf 84' lang='lat' dir='ltr'>adbuc</span> <span class='ocrx_word' id='word_1_327' title='bbox 301 3818 372 3892; x_wconf 89' lang='lat' dir='ltr'>quod</span> <span class='ocrx_word' id='word_1_328' title='bbox 392 3817 564 3890; x_wconf 86' lang='lat' dir='ltr'>periculosius</span> <span class='ocrx_word' id='word_1_329' title='bbox 582 3819 647 3869; x_wconf 64' lang='lat' dir='ltr'>eset*</span> 
     </span>
    </p>
   </div>
   <div class='ocr_carea' id='block_1_6' title="bbox 0 0 1234 4162">
    <p class='ocr_par' dir='ltr' id='par_1_9' title="bbox 0 0 1234 4162">
     <span class='ocr_line' id='line_1_41' title="bbox 0 0 1234 4162; baseline 0 1"><span class='ocrx_word' id='word_1_330' title='bbox 0 0 1234 4162; x_wconf 95' lang='lat' dir='ltr'> </span> 
     </span>
    </p>
   </div>
  </div>
 </body>
</html>
