2438 4170
88 213 150 271 ara
402 208 631 271 ousrmcrro
661 209 815 287 Qumua

88 332 236 393 diabolum
266 339 297 391 ut
326 339 385 407 est,
417 333 516 393 uidere
547 351 605 392 non
632 339 735 409 potest.
779 330 980 393 NOVIOIUS:
1008 331 1104 408 Quare?

88 418 326 479 MONACHUS:
349 420 425 496 Quia
446 420 578 480 diabolus
600 420 715 495 spiritirs
738 426 797 495 est,
820 426 851 479 et
871 418 1008 495 spiritum,
1027 426 1107 479 otest

90 509 187 583 opinio
215 524 290 582 pene
319 511 447 567 omnium
475 510 689 584 magistrorum,
722 525 781 567 non
808 509 864 565 nisi
892 509 1002 584 spiritus
1026 506 1107 567 ridere

88 593 175 653 valet.
224 593 332 653 Vident
364 611 431 653 eum
463 597 575 653 animae
608 595 796 670 reproborum
813 591 830 674 ¹)
865 596 896 653 in
926 593 1034 653 inferno.
1068 592 1108 651 Et
1154 660 1156 669 Ι

90 683 164 740 siem
204 698 316 739 summa
353 682 501 740 beatitudo
543 681 697 740 electorum
736 687 780 741 est
812 681 910 741 videre
940 680 1039 755 Deum,
1066 681 1109 739 ita
1152 680 1156 751 ξ

90 770 216 826 maxima
249 768 351 826 dieitur
383 785 445 828 esse
477 784 572 843 poena
604 768 688 827 malis
721 784 836 827 cernere
869 767 1017 827 diabolum.
1058 766 1108 825 Vre

92 854 191 913 audire
213 855 392 928 quorundam
413 855 586 930 periculum,
618 854 698 913 illum
726 856 756 913 in
777 873 832 930 sua
853 855 1008 914 substantia
1024 852 1109 913 ridere

89 940 267 1000 volentium?
310 941 513 1001 NOVICIUS:
536 942 612 1001 Volo
636 947 665 1001 et
685 941 825 1016 desidero,
848 945 916 1017 quia
937 938 1108 1018 quantoplus
1153 924 1156 1005 ἶ

91 1028 215 1087 horroris
237 1035 266 1088 et
286 1029 411 1088 malitiae
434 1029 470 1088 de
491 1029 539 1087 illo
554 1029 680 1103 audiero,
701 1035 781 1088 tauto
794 1029 917 1106 amplius
930 1042 1107 1105 peecareper·

92 1117 219 1175 timesco.
262 1115 499 1176 MONACHUS:
520 1115 599 1174 Audi
621 1133 698 1192 ergo.
789 1194 795 1199 -

423 1306 656 1368 CAPITULUM
676 1307 798 1367 XXIX.

128 1430 176 1486 De
197 1428 311 1488 Abbcte
332 1436 453 1487 sanetae
473 1431 619 1505 Agatheae,
641 1430 786 1488 morracio
816 1436 844 1487 ct
865 1445 999 1488 coenoso
1017 1431 1072 1495 dot,

324 1518 376 1590 qui
396 1517 526 1576 videntes
548 1516 701 1575 diabolum
723 1516 913 1592 defecerunt·

159 1636 236 1697 Ante
263 1637 317 1696 hos
346 1655 436 1696 annos
470 1637 620 1696 duodecim
641 1637 812 1697 Willrelmus
835 1626 936 1697 Abbas
965 1635 998 1695 de
1021 1633 1094 1692 sancit

95 1722 213 1800 Agatha
233 1722 381 1783 Dioeeesis
403 1724 586 1799 Leodiensis,
609 1742 683 1799 quae
706 1730 749 1783 est
770 1724 873 1783 domus
896 1723 997 1783 ordinis
1015 1720 1093 1778 dsta-

96 1813 212 1885 cieusis,
234 1811 303 1869 dum
324 1818 452 1887 tempore
474 1812 600 1887 quodam
620 1814 710 1870 iturus
733 1818 809 1871 esset
829 1797 1093 1885 Eberbaahum²),si

97 1914 184 1972 quam
206 1898 451 1973 pertiuetdomus
472 1898 535 1974 illa,
556 1902 737 1974 uenissetque
761 1897 919 1974 Coloniam,
941 1897 1005 1956 dixit
1021 1904 1093 1952 morte

96 1984 150 2043 cho
181 2001 233 2043 suo
263 1992 349 2060 atque
379 2003 518 2044 converso
540 1985 675 2061 Adolpho
704 1987 833 2043 nomine:
857 1984 936 2061 Opus
957 1989 999 2043 est
1014 1976 1092 2040 miseri·
1135 2032 1140 2047 ,

97 2071 224 2145 cordiae,
245 2079 277 2129 ut
297 2073 446 2131 videamus
469 2074 618 2131 obsessam
638 2073 730 2147 illam,
752 2090 918 2149 germanam
939 2070 1035 2131 scilicet
1050 2061 1093 2122 tali

97 2160 227 2217 conversi
248 2163 335 2217 nostri
359 2159 393 2218 de
416 2159 603 2234 Eberbaoho,
632 2166 664 2217 ut
691 2177 817 2235 pernes
840 2162 900 2218 eius
925 2159 970 2217 ille
991 2141 1093 2225 statum)

97 2252 259 2321 cognoseat.
304 2247 388 2321 Quod
411 2265 475 2305 eum
497 2247 551 2304 illis
573 2246 735 2321 placuisset,
758 2253 787 2304 et
809 2246 934 2320 domum,
954 2248 982 2303 in
1003 2258 1047 2318 qua
1061 2233 1095 2294 illl

98 2350 163 2391 eum
178 2333 272 2390 multis
296 2340 324 2392 et
345 2337 418 2392 inter
432 2334 536 2392 multos
555 2333 657 2392 sedens
680 2340 748 2408 erat,
770 2336 930 2408 intrassent,
952 2350 1012 2392 cum
1023 2325 1095 2386 Auta

96 2422 193 2478 neseio
215 2419 291 2478 unde
314 2417 407 2504 cami)
429 2424 623 2497 interrogaret,
646 2427 674 2479 et
694 2421 743 2478 illa
760 2421 957 2479 nihilomnino
974 2409 1097 2492 responde·

96 2513 147 2581 ret,
169 2507 327 2564 suubiunxit:
349 2508 402 2566 Vis
426 2508 532 2582 aliquid
555 2508 691 2566 mandare
712 2509 791 2566 tratri
811 2507 885 2566 tuo?
923 2507 977 2566 Illa
997 2504 1098 2564 obmule-

96 2601 207 2668 scente,
237 2594 340 2652 adiecit
366 2594 480 2653 Abbas:
511 2594 621 2652 Adiuro
648 2601 677 2653 te
704 2613 755 2671 per
784 2613 850 2653 eum
880 2612 964 2669 quem
991 2589 1061 2650 hodie
1079 2584 1098 2639 it

96 2684 184 2739 missa
204 2684 338 2755 tractavi,
367 2687 399 2738 ut
420 2681 594 2756 respondeas
616 2683 693 2739 mihi.
737 2682 808 2740 Mox
831 2681 945 2740 diabolo
967 2677 1100 2740 obediente,

97 2775 126 2826 et
152 2786 205 2843 por
233 2786 265 2827 os
293 2769 415 2826 feminae
445 2769 482 2827 ad
511 2772 684 2844 interrogata
712 2768 918 2843 respondente,
945 2772 1049 2844 rogatus
1070 2760 1101 2816 tsi

96 2855 199 2914 Abbas
228 2862 288 2914 tam
317 2874 335 2913 a
365 2873 503 2914 converso
538 2873 625 2931 quam
653 2857 849 2930 amonaeho,
879 2862 911 2914 ut
938 2855 1012 2914 illam
1039 2858 1100 2921 supet

97 2941 231 3000 solarium
255 2942 379 3016 duceret,
402 2950 541 3016 quatenus
562 2946 674 3018 privato
699 2946 758 3001 eius
780 2945 821 3000 uti
842 2950 960 3017 possent
982 2933 1101 3011 coloquio·

98 3029 182 3103 Quod
197 3046 262 3086 eum
276 3030 382 3087 foetum
395 3036 477 3103 esset,
493 3038 521 3088 et
536 3031 571 3088 de
587 3030 705 3088 diversis
720 3030 756 3088 ab
772 3029 890 3088 Abbate
905 3029 1029 3088 diabolus
1036 3028 1103 3082 inter·

97 3123 252 3190 rogaretur,
275 3123 302 3174 et
316 3117 513 3191 respondendo
536 3120 618 3174 nimis
631 3119 805 3190 mentiretur,
827 3119 879 3174 ait:
902 3116 1009 3174 Adiuro
1028 3120 1051 3170 te
1068 3119 1104 3183 per

97 3201 284 3276 Altissimum,
306 3210 409 3262 utnon
430 3206 485 3262 nisi
497 3222 566 3262 vera
587 3204 657 3261 mihi
671 3203 854 3279 respondeas.
887 3203 971 3278 Quod
984 3219 1043 3261 oum
1054 3209 1105 3273 pit·

98 3291 228 3362 misisset,
249 3291 329 3348 iussit
354 3291 528 3350 monachum
550 3298 635 3366 atque
661 3307 831 3350 conversum
840 3287 860 3369 ⁵)
880 3289 1025 3365 paululum
1044 3296 1105 3344 soce·

99 3375 173 3434 dere.
197 3375 291 3450 Quem
306 3394 370 3434 eum
384 3380 587 3454 interrogasset
604 3378 639 3436 de
656 3383 732 3436 statu
752 3377 930 3452 quarundam
944 3361 1107 3443 animamur‘]

116 3511 147 3579 t)
166 3509 185 3562 C
203 3509 251 3560 add
270 3511 451 3576 impiorum.
471 3542 502 3551 —
522 3513 554 3580 2)
571 3511 728 3564 Eberbaeum
750 3527 830 3578 prope
848 3511 934 3563 urbem
953 3509 1108 3578 lloguntinrn·

168 3609 199 3619 -
219 3581 250 3646 3)
269 3580 289 3631 B
307 3596 364 3631 nos
388 3582 446 3632 ille
465 3591 582 3633 statum
601 3584 685 3646 eius,
708 3580 729 3633 D
752 3598 810 3632 nos
834 3584 905 3632 eius
929 3589 1042 3631 statum
1058 3572 1109 3626 ille·

168 3680 198 3689 —
223 3651 255 3718 4)
274 3649 315 3702 Bc
338 3667 404 3702 earn
429 3655 544 3704 nescio
568 3652 660 3703 unde.
685 3681 716 3691 -ω
740 3649 831 3718 6)BO
854 3651 1111 3713 monachumque

167 3735 339 3772 converso.
369 3750 397 3760 —
429 3722 460 3786 6)
487 3722 551 3774 ADP
578 3724 772 3782 animarum,
800 3722 936 3774 fratrum
962 3716 1112 3772 videlicet·

166 3789 237 3844 Conl.
255 3791 361 3844 similem
379 3791 461 3844 locum
478 3794 505 3844 in
521 3792 571 3843 vit.
589 3792 614 3845 S.
632 3790 738 3859 Eugeib.
757 3790 787 3855 ll,
806 3791 847 3844 16.
