2438 4170
372 237 375 241 ·
405 215 459 274 DE
482 213 757 277 CONTRITIONE.
1060 213 1097 271 61

88 339 127 408 stt,
146 333 284 411 quomodo
306 335 433 413 haberet,
455 337 502 397 vel
514 335 530 418 ¹)
541 337 617 398 uude
639 341 756 412 veniret,
777 334 934 412 respondit:
956 335 1101 411 Inpoenis
1153 382 1158 403 ,

91 436 147 496 sun,
166 429 192 481 et
199 418 221 501 ²)
233 422 268 482 de
289 426 389 498 poeuis
410 427 511 501 veuio;
534 425 585 484 sed
606 428 711 502 gratias
733 440 788 501 ago
812 425 920 482 caritati
937 428 1012 496 tuae,
1034 423 1102 496 quia

94 523 166 567 muns
181 513 234 568 iste
255 519 372 586 propter
394 511 591 588 eleemosynas
613 518 677 571 tuas
686 508 707 591 ³)
731 518 759 570 et
777 513 918 570 orationes
939 515 1025 584 atque
1047 510 1102 568 be-

96 594 174 655 neficia
188 596 333 656 Ecclesiae
355 603 422 656 tuae
444 599 513 657 mihi
548 599 675 658 exhibita
695 598 812 657 abstulit
833 596 901 655 mihi
923 597 1102 655 milleanno-

98 698 144 739 mu
160 700 276 759 poenas,
305 702 377 760 quas
409 688 547 745 sustinere
575 685 720 744 habebam
746 687 774 742 in
801 685 974 760 pmgatorio.
1018 680 1102 757 Quod

100 768 211 829 sladhuc
230 788 288 829 uno
311 788 386 830 anuo
409 773 529 830 similem
555 772 624 830 mihi
655 771 825 848 impenderis
856 788 954 846 opem,
988 772 1102 829 omniuo

101 852 222 916 liberabor.
263 857 394 917 Audiens
415 859 489 919 haec
502 855 524 938 ⁴)
553 859 728 934 Episcopus,
759 857 851 918 laetus
874 858 1005 930 effectus,
1036 857 1102 914 Deo

102 944 181 1016 patim
207 947 277 1021 egit,
311 948 461 1020 missisque
486 947 574 1004 literis
600 945 637 1004 ad
671 946 804 1005 ecclesias
833 947 894 1003 sive
916 945 1103 1016 monasteria,

103 1029 211 1089 amonem
231 1034 362 1092 omnibus
384 1035 529 1108 exposuit,
552 1040 581 1091 et
608 1039 641 1090 ut
663 1032 758 1091 adhuc
786 1049 844 1090 uno
866 1049 941 1090 anno
963 1033 1104 1089 iniunctus

61 1188 67 1199 ⁸
104 1125 219 1177 sanent
238 1122 379 1178 orationes
401 1121 530 1178 obtinuit.
572 1119 731 1195 Episcopus
753 1136 821 1178 vero
851 1136 958 1177 annum
979 1134 1103 1191 sequen-

104 1206 147 1259 tem
161 1206 332 1278 praecedenti
353 1209 542 1280 continuavit,
571 1212 651 1265 tanto
680 1209 710 1264 in
737 1206 908 1265 exhibitione
936 1204 1103 1276 ferventior,

105 1298 184 1363 mana
203 1295 257 1351 mm
280 1292 315 1352 de
336 1293 502 1353 liberatione
524 1296 657 1353 securior.
706 1293 828 1369 Expleto
850 1309 925 1351 anuo
948 1309 1014 1351 eum
1032 1290 1104 1365 Epi-

105 1390 181 1450 scopus
199 1382 314 1438 missam
334 1397 386 1455 pro
409 1397 443 1439 eo
466 1380 629 1455 celebraret,
650 1383 752 1438 itemnr
774 1380 854 1438 affuit
873 1378 921 1438 ille
940 1381 970 1439 in
993 1377 1105 1438 cuculla

105 1462 178 1538 mea,
203 1472 229 1524 et
249 1467 323 1525 facie
344 1474 489 1541 serenata,
512 1467 608 1526 dicens
630 1467 684 1525 sibi
707 1469 802 1525 omnia
824 1473 922 1542 optata
943 1464 1104 1524 succedere.

104 1545 132 1604 llt
154 1553 186 1609 ait
208 1553 367 1629 Episcopo:
399 1554 573 1613 Remuneret
605 1556 784 1629 omnipotens
817 1553 898 1611 Deus
907 1551 927 1632 ⁵)
957 1554 1105 1611 caritatem

105 1639 177 1711 bam,
205 1642 380 1699 sanctissime
408 1648 504 1716 pater,
537 1643 604 1716 quia
631 1647 747 1716 propter
775 1647 855 1699 tuam
887 1639 1106 1699 sollicitudinem

106 1728 191 1795 ereptus
210 1727 245 1786 de
266 1729 381 1803 poenis,
408 1731 466 1786 iam
494 1728 637 1804 ingredior
665 1727 802 1803 gaudium
822 1727 940 1785 Domini
961 1728 1025 1784 mei.
1068 1726 1106 1782 Et

106 1821 155 1867 ecce
170 1813 210 1870 isti
238 1813 294 1873 duo
324 1817 389 1872 anni
417 1817 540 1890 reputati
569 1820 635 1872 sunt
662 1813 732 1871 mihi
759 1830 811 1888 pro
841 1813 953 1872 duobus
981 1812 1105 1871 millibus

105 1907 219 1958 meorum
262 1900 301 1959 Et
327 1918 386 1960 non
416 1902 487 1979 vidit
516 1919 582 1960 eum
614 1901 744 1975 amplius.
787 1899 989 1965 NOVICIUS:
1013 1898 1106 1958 Valde

105 1976 261 2067 beurut⁵)
283 1991 352 2063 ista;
384 1988 435 2046 sed
464 1988 520 2047 duo
542 1982 610 2046 mihi
632 1993 783 2048 occurrunt
804 1987 990 2046 admiratione
1012 1986 1106 2063 digna

105 2064 203 2132 Primum
223 2080 267 2133 est
286 2077 376 2134 virtus
399 2077 586 2151 contritionis,
607 2093 659 2152 per
680 2092 767 2150 qnam
788 2077 887 2134 merito
910 2073 1106 2148 damnandus,

105 2149 183 2229 lignos
201 2161 316 2220 effectus
339 2168 382 2221 cst
402 2165 462 2221 vita
483 2170 607 2222 aeterna.
650 2161 815 2222 Secundum
849 2168 892 2221 est
918 2165 1008 2221 virtus
1040 2178 1106 2221 ora-

104 2239 201 2321 t'enum,
227 2266 279 2327 per
308 2266 378 2323 quas
389 2246 407 2326 ⁷)
430 2256 490 2308 tam
512 2250 638 2309 celeriter
659 2249 796 2309 liberatus
819 2255 862 2308 est
883 2267 901 2307 a
921 2266 1016 2324 poena
1036 2266 1107 2323 pur-

104 2331 221 2415 adortat),
264 2332 499 2396 MONACHUS:
521 2337 603 2396 Licet
623 2354 728 2413 magna
750 2338 839 2395 virtus
861 2337 947 2394 sitin
967 2342 1108 2411 utroque,

105 2416 197 2490 amplior
217 2430 313 2481 tamen
334 2425 476 2482 invenitur
503 2426 533 2481 in
561 2425 736 2483 contritione.
781 2422 931 2482 Orationes
953 2425 1027 2482 enim
1048 2422 1108 2480 Ec·-

105 2496 191 2580 tlttiae,
208 2513 269 2569 sive
292 2509 498 2586 eleemosynae,
519 2528 577 2569 non
598 2516 664 2569 suut
686 2509 722 2569 de
736 2511 895 2569 substantia
916 2512 1015 2569 meriti.
1044 2510 1108 2568 Va-

104 2583 148 2646 lent
168 2595 276 2670 qnidem
309 2593 473 2676 defuncto⁹)
496 2599 622 2656 minuere
653 2614 792 2672 poenam,
824 2597 876 2656 sed
903 2614 961 2655 non
989 2602 1109 2672 possunt

104 2689 185 2751 augere
202 2683 329 2759 gloriam.
373 2682 575 2744 NOVICIUS:
597 2684 685 2742 Miror
707 2686 805 2757 etiam,
829 2684 906 2760 quod
927 2684 1013 2742 homo
1035 2700 1108 2758 apo-

104 2765 161 2823 stata
176 2769 202 2828 in
221 2769 321 2828 habitu
344 2770 483 2829 saeculari
503 2769 629 2830 mortuus
653 2778 682 2829 et
702 2770 848 2846 sepultus,
870 2774 899 2829 in
921 2770 1033 2829 cuculla
1054 2787 1108 2844 ap-

103 2855 183 2921 punit„
221 2855 454 2916 MONAOHUS:
478 2857 613 2916 Contritio
637 2857 672 2917 dc
693 2864 826 2933 apostata
847 2856 1020 2917 monachum
1034 2857 1110 2931 feeit,

104 2939 127 2992 tt
146 2948 245 3002 vatem
272 2944 448 3002 saecularem
482 2946 512 3002 in
544 2945 685 3005 cucullam
714 2948 860 3004 convertit.
902 2942 1108 3004 NOVICIUS:

102 3020 192 3088 Vellem
211 3030 280 3090 mihi
300 3030 356 3090 hoe
378 3030 544 3090 evidentiori
566 3032 696 3108 exemplo
717 3033 840 3108 probari.
874 3030 1108 3092 MONACHUS:

101 3107 247 3196 Exemplum
268 3118 307 3179 ad
328 3135 444 3177 manum
465 3125 516 3177 est.

378 3304 811 3358 ψ

108 3583 134 3655 l]
152 3584 200 3668 vel
224 3601 265 3639 om
283 3585 310 3641 G.
331 3616 360 3626 —
389 3586 421 3654 2)
439 3596 469 3639 et
486 3604 527 3640 om
545 3586 572 3639 G.
593 3615 623 3626 -
649 3588 681 3654 3)
699 3597 769 3640 tuas
791 3587 886 3674 habent
903 3587 941 3641 ΟΡ
959 3594 1017 3656 post
1043 3600 1111 3637 ora-

151 3657 504 3790 tranantes
521 3655 1113 3796 ·.·.{l.t¹z¹;l⁰n..⁰1⁰¹¹snnnt

155 3823 183 3835 -
201 3796 233 3866 8)
249 3795 312 3850 acc
328 3799 524 3867 purgatorii.
542 3826 572 3837 -
592 3797 624 3867 9)
642 3797 660 3849 Ρ
678 3797 840 3851 defuncti.
