2438 4170
91 214 152 275 rso
176 176 180 181 ’
400 213 629 277 nrsrnrorro
652 214 817 293 ossam

91 339 166 397 eirca
193 337 338 398 civitatem
364 339 394 397 in
416 338 533 398 disemis
554 339 625 415 locis
652 345 714 398 tam
734 340 797 415 ipse
830 354 919 414 quam
939 338 1024 399 ceteri
1042 334 1104 397 rile-

90 430 165 483 runt
208 424 265 500 Qui
293 441 359 484 eum
380 426 602 502 interrogassent
622 432 725 486 nautas
751 442 871 485 causam
890 426 980 501 ignis,
1006 440 1102 501 respor-

91 510 208 570 derunt:
229 512 370 588 ¹Tempus
403 519 447 571 est
484 516 639 588 aestivum,
675 520 704 572 et
735 514 813 572 cives
850 517 968 587 propter
1001 510 1100 571 calorem

91 599 212 658 tentoria
234 616 288 657 sna
309 601 346 658 ob
367 599 542 675 refrigerium
564 601 639 660 circa
658 601 804 659 civitatem
824 600 924 658 metati
944 603 1017 658 sunt
1052 596 1099 657 Hoc

90 687 132 745 ita
160 701 223 744 esse
251 691 399 761 putantes,
427 688 457 745 in
483 692 598 763 portum
624 686 753 745 Athonis
783 685 975 760 devenerunt,
1002 693 1029 744 et
1049 690 1099 745 broc

91 773 214 848 primum
249 774 316 848 quia
350 772 499 833 sarraceni
527 775 715 833 obtinuissent
748 774 896 832 civitatem
924 774 1098 848 cognorerunt.

90 857 203 919 Eodem
214 864 350 935 tempore,
371 862 617 935 peccatisnostris
639 860 826 936 exigentibus,
848 858 918 918 (lata
937 858 1027 919 inerat
1042 862 1097 917 tarr

92 951 193 1005 sancta
213 948 242 1004 in
263 963 365 1006 manus
387 946 506 1006 Salatini
519 943 534 1026 ¹)
563 949 652 1023 Regis
673 946 790 1023 Syriae,
817 951 955 1023 regnanto
974 942 1096 1005 melma

92 1033 287 1093 Romanorum
307 1033 491 1110 Imperatore.
534 1033 695 1093 Noradinus
719 1038 816 1092 autem
838 1032 914 1091 filius
934 1032 1052 1106 salatiel,
1066 1030 1097 1089 ri

91 1119 257 1180 naturaliter
276 1122 341 1196 pius
363 1126 392 1179 et
412 1119 567 1195 beneficus,
591 1126 659 1179 tuno
681 1126 742 1179 erat
762 1122 792 1178 in
814 1121 939 1179 civitate.
980 1118 1096 1178 Ilicem

92 1210 189 1267 naum
196 1204 217 1286 ²)
240 1206 431 1266 Christianam
452 1210 481 1265 in
501 1213 586 1283 portu
607 1207 739 1281 vidisset,
767 1212 796 1266 et
818 1223 886 1265 eum
907 1223 994 1265 causa
1011 1203 1096 1265 alvu·

92 1300 140 1353 tus
162 1296 232 1369 eius,
254 1310 288 1353 eo
311 1292 389 1369 quod
410 1301 486 1353 esset
507 1295 568 1353 sola
576 1290 606 1373 ³),
627 1311 686 1352 non
706 1293 815 1367 lateret,
835 1295 968 1352 misertus
988 1290 1097 1352 cosm

93 1397 210 1454 norum,
236 1381 380 1456 quendam
407 1374 534 1440 nobilem
560 1398 721 1457 paganum,
748 1383 778 1438 in
803 1380 902 1456 lingua
925 1378 1033 1439 Gallica
1047 1374 1096 1436 aab

94 1468 265 1543 expeditum,
287 1466 325 1527 ad
346 1464 479 1546 navem‘)
502 1484 568 1527 eum
589 1468 672 1543 galea
692 1469 781 1543 misit,
802 1483 855 1542 per
876 1483 964 1542 quem
983 1482 1019 1525 ne
1035 1465 1097 1523 tna·

93 1561 157 1613 rent
177 1554 332 1614 mandavit.
375 1552 474 1630 Usque
503 1553 541 1613 ad
571 1554 651 1613 illam
677 1554 778 1613 horam
805 1554 917 1613 fuerant
938 1555 967 1611 in
987 1560 1096 1627 raspert)

93 1643 187 1718 positi,
207 1643 369 1718 ignorantes
383 1647 478 1700 utrum
491 1647 587 1700 essent
600 1640 747 1700 occidendi
768 1640 815 1699 vcl
832 1639 971 1716 capiendi
1009 1635 1097 1698 nun
1140 1692 1142 1705 ,

28 1767 32 1774 -
93 1728 197 1789 nobilis
213 1727 328 1804 quidam
344 1726 521 1787 Christianus
542 1727 579 1787 de
593 1727 765 1787 Alamannia
782 1727 926 1803 oriundus,
947 1729 977 1785 in
996 1720 1098 1803 mucul
1140 1762 1142 1777 ι

94 1816 241 1890 laborans,
270 1816 366 1874 omnia
394 1832 447 1875 sua
476 1833 557 1875 arma
577 1813 662 1874 valde
684 1815 828 1888 decentia,
858 1831 925 1873 cum
945 1814 1031 1873 bibus
1047 1808 1098 1869 lor·
1139 1800 1142 1875 l

94 1905 186 1962 trariis
206 1902 400 1981 pereundam
419 1920 565 1979 paganum
585 1901 731 1961 Noradino
753 1904 837 1975 misit,
857 1918 910 1977 pro
932 1902 992 1960 vita
1009 1898 1098 1957 natm

95 1989 135 2048 illi
156 1989 329 2065 supplicans.
358 1988 437 2065 Ego,
459 1991 564 2064 inquit,
593 1989 682 2048 tribus
705 1990 786 2048 annis
807 2004 947 2047 voveram
967 1980 1099 2046 console
1140 2000 1142 2005 ·

96 2076 142 2135 his
163 2078 248 2135 armis
269 2078 382 2151 servire,
405 2074 457 2135 sed
478 2083 511 2135 ut
524 2073 618 2151 video,
639 2092 697 2134 non
720 2081 764 2135 est
778 2076 838 2134 eius
855 2074 997 2134 voluntas.
1024 2066 1099 2131 Desil-

97 2164 156 2221 nati
185 2169 251 2221 sunt
279 2170 308 2222 et
334 2164 430 2221 nuncii
455 2162 620 2237 Christiani,
650 2179 686 2221 ex
718 2162 822 2237 quibus
851 2178 926 2221 unus
956 2166 1014 2220 crat
1039 2157 1101 2215 rats

98 2249 268 2308 Wilhelmus
299 2257 414 2325 propter
446 2252 594 2309 seientiam
625 2249 740 2325 linguae
763 2248 908 2323 Gallicae,
938 2250 987 2324 qui
1011 2250 1102 2304 munero

98 2335 221 2411 Principi
252 2341 474 2412 praesentarent.
532 2335 693 2395 Noradinus
730 2352 814 2410 vero,
850 2342 884 2394 ut
917 2335 990 2395 vidit
1017 2316 1103 2399 παύε’)

98 2425 277 2499 transmissa,
299 2441 365 2483 cum
386 2423 477 2482 multa
498 2421 650 2482 devotione
672 2425 810 2497 suscepit,
833 2428 861 2481 et
883 2422 1009 2498 singula,
1026 2416 1052 2477 id
1066 2414 1106 2479 cst,

98 2510 231 2585 loricam,
258 2511 395 2588 clipeum,
423 2510 550 2586 galeam,
579 2509 722 2586 gladium,
750 2526 804 2568 nec
829 2525 887 2567 non
916 2515 946 2567 et
978 2499 1109 2566 oemio

99 2597 281 2674 deosculans,
317 2600 385 2673 quia
415 2615 467 2672 per
498 2600 683 2672 semetipsum
716 2598 831 2655 visitare
863 2594 953 2655 vellet
976 2592 1111 2653 utimum,

99 2685 286 2745 remandavit.
352 2685 469 2743 Interim
512 2683 601 2742 milito
641 2689 769 2756 mortuo,
823 2687 852 2741 et
903 2689 987 2741 caute
1034 2665 1116 2751 lapido

101 2789 227 2849 appenso
240 2767 277 2853 ⁶),
307 2773 397 2831 eiecto
426 2788 461 2830 ac
483 2767 628 2846 demerso,
650 2770 762 2845 alioque
783 2769 872 2827 milite
895 2774 1020 2846 aegroto,
1038 2764 1120 2833 acqllss

100 2859 189 2918 nobili
209 2862 280 2934 viro,
301 2861 330 2917 in
352 2854 445 2938 loco⁷)
463 2857 631 2916 infirmitatis
655 2860 716 2916 eius
732 2858 865 2932 reposito,
886 2855 951 2915 Rex
970 2848 1126 2914 manetilm

101 2945 196 3004 multis
219 2947 322 3006 diversi
338 2946 439 3005 coloris
460 2944 550 3021 galeis
563 2962 693 3020 egressus
707 2943 830 3017 advenit,
851 2960 958 3002 navem
968 2939 989 3022 ⁸)
1011 2924 1131 2999 mutilis

101 3038 129 3090 ct
151 3031 186 3091 de
208 3035 379 3092 transmissis
402 3035 508 3109 gratias
529 3031 667 3104 referens,
688 3036 754 3089 ante
775 3029 919 3088 infirmum
941 3028 1025 3102 sedit,
1045 3017 1136 3107 atcffi

101 3136 166 3176 cum
194 3121 319 3195 medico,
355 3138 441 3195 quem
470 3135 569 3177 secum
597 3118 755 3176 adduxerat
767 3113 803 3195 a),
837 3116 872 3174 de
906 3102 1141 3191 convalescent?

99 3204 174 3263 illius
202 3207 365 3282 disputavit.
416 3205 528 3265 Obtulit
549 3206 574 3263 ci
603 3211 632 3263 et
661 3203 801 3279 quaedam
830 3203 997 3261 nobilissimi
1022 3185 1141 3277 gerlef¹¹

100 3310 201 3368 poma,
231 3311 304 3369 quae
334 3296 457 3353 crevisse
487 3292 602 3351 dicebat
633 3293 662 3348 in
690 3291 772 3350 lrorto
794 3291 883 3365 patris
905 3292 950 3348 sui
970 3288 1047 3364 apud
1067 3275 1141 3359 DQ

100 3396 237 3439 muscum.
279 3380 392 3440 Deinde
414 3383 455 3439 ait
474 3380 599 3438 infirmo:
621 3377 741 3453 Propter
763 3384 791 3436 tc
813 3377 946 3436 omnibus
968 3362 1141 3435 Chfflfimu

122 3584 152 3652 1)
170 3582 211 3635 CR
229 3582 429 3636 saladini-
449 3583 481 3650 2)
500 3582 542 3637 Cl)
559 3596 723 3633 navem—
742 3580 774 3647 3]
792 3579 833 3632 BG
852 3579 920 3631 sola
938 3586 1035 3631 esset.
1053 3552 1141 3674 <⁶²¹

170 3653 321 3707 Bnavim.
340 3683 373 3692 —
391 3654 423 3720 5]
442 3654 461 3707 B
479 3652 644 3725 encaenia.
664 3681 695 3690 —
720 3650 751 3717 6)
769 3649 831 3702 net>
848 3664 991 3717 appenso
1014 3647 1091 3714 lap!
1137 3702 1141 3711 ¹

173 3753 203 3763 -
227 3723 259 3791 7)
282 3722 347 3776 sorte
371 3723 474 3787 lecto,
496 3730 524 3773 ut
548 3721 586 3785 X,
610 3721 656 3775 12:
695 3719 784 3783 „rediit
813 3719 845 3770 ad
873 3719 963 3770 lectum
984 3708 1133 3769 intinniw

171 3797 256 3845 suae.“
276 3793 352 3847 Paulo
370 3793 457 3863 postB
474 3793 589 3861 posito.
601 3790 703 3858 -8)13
721 3792 835 3843 navim.
847 3819 877 3831 -
889 3788 971 3858 9)Βῦ
987 3785 1068 3838 (lure
1080 3785 1108 3828 f
1117 3772 1141 3812 ²¹
