<?xml version="1.0" encoding="UTF-8"?>
<!DOCTYPE html PUBLIC "-//W3C//DTD XHTML 1.0 Transitional//EN"
    "http://www.w3.org/TR/xhtml1/DTD/xhtml1-transitional.dtd">
<html xmlns="http://www.w3.org/1999/xhtml" xml:lang="en" lang="en">
 <head>
  <title>
</title>
<meta http-equiv="Content-Type" content="text/html;charset=utf-8" />
  <meta name='ocr-system' content='tesseract 3.04.00' />
  <meta name='ocr-capabilities' content='ocr_page ocr_carea ocr_par ocr_line ocrx_word'/>
</head>
<body>
  <div class='ocr_page' id='page_1' title='image "./caesariiheister00stragoog_0039.png"; bbox 0 0 2460 4162; ppageno 0'>
   <div class='ocr_carea' id='block_1_1' title="bbox 107 268 806 332">
    <p class='ocr_par' dir='ltr' id='par_1_1' title="bbox 107 268 806 332">
     <span class='ocr_line' id='line_1_1' title="bbox 107 268 806 332; baseline 0.006 -4"><span class='ocrx_word' id='word_1_1' title='bbox 107 270 148 328; x_wconf 84' lang='lat'>24</span> <span class='ocrx_word' id='word_1_2' title='bbox 427 268 655 331; x_wconf 78' lang='lat' dir='ltr'>DISTINOTIO</span> <span class='ocrx_word' id='word_1_3' title='bbox 677 270 806 332; x_wconf 82' lang='lat' dir='ltr'><strong>PRIMA</strong></span> 
     </span>
    </p>
   </div>
   <div class='ocr_carea' id='block_1_2' title="bbox 58 388 1142 730">
    <p class='ocr_par' dir='ltr' id='par_1_2' title="bbox 58 388 1142 730">
     <span class='ocr_line' id='line_1_2' title="bbox 58 388 1142 474; baseline 0.005 -25"><span class='ocrx_word' id='word_1_4' title='bbox 58 467 61 473; x_wconf 24' lang='grc'>1</span> <span class='ocrx_word' id='word_1_5' title='bbox 105 393 135 449; x_wconf 91' lang='lat' dir='ltr'>in</span> <span class='ocrx_word' id='word_1_6' title='bbox 157 407 263 465; x_wconf 88' lang='lat' dir='ltr'>eqnnm</span> <span class='ocrx_word' id='word_1_7' title='bbox 284 406 377 465; x_wconf 91' lang='lat' dir='ltr'>sunm,</span> <span class='ocrx_word' id='word_1_8' title='bbox 398 407 485 467; x_wconf 90' lang='lat' dir='ltr'>quam</span> <span class='ocrx_word' id='word_1_9' title='bbox 500 399 599 453; x_wconf 90' lang='lat' dir='ltr'>sancto</span> <span class='ocrx_word' id='word_1_10' title='bbox 613 400 799 469; x_wconf 87' lang='lat' dir='ltr'>praesentans</span> <span class='ocrx_word' id='word_1_11' title='bbox 815 388 833 474; x_wconf 86' lang='lat'>¹)</span> <span class='ocrx_word' id='word_1_12' title='bbox 854 393 1053 454; x_wconf 86' lang='lat' dir='ltr'>benedictione</span> <span class='ocrx_word' id='word_1_13' title='bbox 1073 412 1142 471; x_wconf 90' lang='lat' dir='ltr'>per-</span> 
     </span>
     <span class='ocr_line' id='line_1_3' title="bbox 107 474 1142 557; baseline 0.003 -19"><span class='ocrx_word' id='word_1_14' title='bbox 107 480 192 553; x_wconf 85' lang='lat' dir='ltr'>cepta</span> <span class='ocrx_word' id='word_1_15' title='bbox 214 475 346 552; x_wconf 90' lang='lat' dir='ltr'>deposuit</span> <span class='ocrx_word' id='word_1_16' title='bbox 354 474 384 557; x_wconf 87' lang='lat'>²).</span> <span class='ocrx_word' id='word_1_17' title='bbox 428 478 509 555; x_wconf 83' lang='lat' dir='ltr'>Quae</span> <span class='ocrx_word' id='word_1_18' title='bbox 531 497 602 538; x_wconf 89' lang='lat' dir='ltr'>sana</span> <span class='ocrx_word' id='word_1_19' title='bbox 623 481 699 539; x_wconf 85' lang='lat' dir='ltr'>sacta</span> <span class='ocrx_word' id='word_1_20' title='bbox 720 483 806 554; x_wconf 88' lang='lat' dir='ltr'>stetit,</span> <span class='ocrx_word' id='word_1_21' title='bbox 828 487 857 540; x_wconf 90' lang='lat' dir='ltr'>et</span> <span class='ocrx_word' id='word_1_22' title='bbox 877 483 997 557; x_wconf 92' lang='lat' dir='ltr'>propriis</span> <span class='ocrx_word' id='word_1_23' title='bbox 1018 483 1142 557; x_wconf 91' lang='lat' dir='ltr'>pedibus</span> 
     </span>
     <span class='ocr_line' id='line_1_4' title="bbox 105 564 1142 641; baseline 0.004 -19"><span class='ocrx_word' id='word_1_24' title='bbox 105 564 235 641; x_wconf 83' lang='lat' dir='ltr'>gaudens</span> <span class='ocrx_word' id='word_1_25' title='bbox 256 564 295 622; x_wconf 88' lang='lat' dir='ltr'>ad</span> <span class='ocrx_word' id='word_1_26' title='bbox 316 567 430 640; x_wconf 86' lang='lat' dir='ltr'>propria</span> <span class='ocrx_word' id='word_1_27' title='bbox 451 569 597 626; x_wconf 88' lang='lat' dir='ltr'>remeavit.</span> <span class='ocrx_word' id='word_1_28' title='bbox 646 566 712 626; x_wconf 93' lang='lat' dir='ltr'>Hoc</span> <span class='ocrx_word' id='word_1_29' title='bbox 745 567 782 626; x_wconf 90' lang='lat' dir='ltr'>ab</span> <span class='ocrx_word' id='word_1_30' title='bbox 806 584 855 627; x_wconf 91' lang='lat' dir='ltr'>ore</span> <span class='ocrx_word' id='word_1_31' title='bbox 885 567 992 626; x_wconf 88' lang='lat' dir='ltr'>domini</span> <span class='ocrx_word' id='word_1_32' title='bbox 1014 567 1142 628; x_wconf 83' lang='lat' dir='ltr'>Gerardi</span> 
     </span>
     <span class='ocr_line' id='line_1_5' title="bbox 105 647 1140 730; baseline 0.004 -20"><span class='ocrx_word' id='word_1_33' title='bbox 105 649 230 710; x_wconf 88' lang='lat' dir='ltr'>Abbatis</span> <span class='ocrx_word' id='word_1_34' title='bbox 242 647 263 730; x_wconf 84' lang='lat'>³)</span> <span class='ocrx_word' id='word_1_35' title='bbox 285 651 390 710; x_wconf 87' lang='lat' dir='ltr'>audivi.</span> <span class='ocrx_word' id='word_1_36' title='bbox 432 651 493 711; x_wconf 92' lang='lat' dir='ltr'>Iste</span> <span class='ocrx_word' id='word_1_37' title='bbox 515 659 559 712; x_wconf 89' lang='lat' dir='ltr'>est</span> <span class='ocrx_word' id='word_1_38' title='bbox 575 652 726 727; x_wconf 90' lang='lat' dir='ltr'>Henricns,</span> <span class='ocrx_word' id='word_1_39' title='bbox 749 656 797 729; x_wconf 85' lang='lat' dir='ltr'>qui</span> <span class='ocrx_word' id='word_1_40' title='bbox 812 660 939 728; x_wconf 91' lang='lat' dir='ltr'>tempore</span> <span class='ocrx_word' id='word_1_41' title='bbox 955 654 1081 730; x_wconf 89' lang='lat' dir='ltr'>quodam</span> <span class='ocrx_word' id='word_1_42' title='bbox 1102 655 1140 715; x_wconf 92' lang='lat' dir='ltr'>ab</span> 
     </span>
    </p>
   </div>
   <div class='ocr_carea' id='block_1_3' title="bbox 103 737 1142 1163">
    <p class='ocr_par' dir='ltr' id='par_1_3' title="bbox 103 737 1142 1163">
     <span class='ocr_line' id='line_1_6' title="bbox 106 737 1140 817; baseline 0.005 -20"><span class='ocrx_word' id='word_1_43' title='bbox 106 737 208 797; x_wconf 91' lang='lat' dir='ltr'>eodem</span> <span class='ocrx_word' id='word_1_44' title='bbox 230 744 328 797; x_wconf 88' lang='lat' dir='ltr'>sancto</span> <span class='ocrx_word' id='word_1_45' title='bbox 350 744 431 813; x_wconf 88' lang='lat' dir='ltr'>patre</span> <span class='ocrx_word' id='word_1_46' title='bbox 453 741 481 797; x_wconf 92' lang='lat' dir='ltr'>in</span> <span class='ocrx_word' id='word_1_47' title='bbox 503 745 599 815; x_wconf 88' lang='lat' dir='ltr'>partes</span> <span class='ocrx_word' id='word_1_48' title='bbox 620 743 786 799; x_wconf 82' lang='lat' dir='ltr'><strong>remotiores</strong></span> <span class='ocrx_word' id='word_1_49' title='bbox 815 743 934 815; x_wconf 86' lang='lat' dir='ltr'>missus,</span> <span class='ocrx_word' id='word_1_50' title='bbox 966 740 1059 817; x_wconf 87' lang='lat' dir='ltr'>glacie</span> <span class='ocrx_word' id='word_1_51' title='bbox 1085 743 1140 802; x_wconf 90' lang='lat' dir='ltr'>sub</span> 
     </span>
     <span class='ocr_line' id='line_1_7' title="bbox 104 823 1142 903; baseline 0.004 -20"><span class='ocrx_word' id='word_1_52' title='bbox 104 823 226 901; x_wconf 85' lang='lat' dir='ltr'>pedibus</span> <span class='ocrx_word' id='word_1_53' title='bbox 248 827 309 883; x_wconf 91' lang='lat' dir='ltr'>eius</span> <span class='ocrx_word' id='word_1_54' title='bbox 329 825 428 899; x_wconf 71' lang='lat' dir='ltr'>daem,</span> <span class='ocrx_word' id='word_1_55' title='bbox 449 825 562 903; x_wconf 82' lang='lat' dir='ltr'>longius</span> <span class='ocrx_word' id='word_1_56' title='bbox 584 827 638 886; x_wconf 90' lang='lat' dir='ltr'>sub</span> <span class='ocrx_word' id='word_1_57' title='bbox 660 825 738 885; x_wconf 87' lang='lat' dir='ltr'>unda</span> <span class='ocrx_word' id='word_1_58' title='bbox 760 832 880 902; x_wconf 84' lang='lat' dir='ltr'>tractus,</span> <span class='ocrx_word' id='word_1_59' title='bbox 912 827 1077 887; x_wconf 90' lang='lat' dir='ltr'>mirabiliter</span> <span class='ocrx_word' id='word_1_60' title='bbox 1090 834 1142 888; x_wconf 83' lang='lat' dir='ltr'>-est</span> 
     </span>
     <span class='ocr_line' id='line_1_8' title="bbox 103 909 1141 992; baseline 0.006 -25"><span class='ocrx_word' id='word_1_61' title='bbox 103 910 180 970; x_wconf 90' lang='lat' dir='ltr'>illius</span> <span class='ocrx_word' id='word_1_62' title='bbox 189 911 387 971; x_wconf 90' lang='lat' dir='ltr'>benedictione</span> <span class='ocrx_word' id='word_1_63' title='bbox 396 909 569 992; x_wconf 62' lang='lat' dir='ltr'>reducturi).</span> <span class='ocrx_word' id='word_1_64' title='bbox 612 913 689 972; x_wconf 90' lang='lat' dir='ltr'>Ecce</span> <span class='ocrx_word' id='word_1_65' title='bbox 701 915 756 972; x_wconf 90' lang='lat' dir='ltr'>iste</span> <span class='ocrx_word' id='word_1_66' title='bbox 770 931 900 973; x_wconf 83' lang='lat' dir='ltr'>sermone</span> <span class='ocrx_word' id='word_1_67' title='bbox 912 931 1066 974; x_wconf 88' lang='lat' dir='ltr'>conversus</span> <span class='ocrx_word' id='word_1_68' title='bbox 1088 920 1141 974; x_wconf 88' lang='lat' dir='ltr'>est.</span> 
     </span>
     <span class='ocr_line' id='line_1_9' title="bbox 104 993 1140 1077; baseline 0.004 -20"><span class='ocrx_word' id='word_1_69' title='bbox 104 997 163 1057; x_wconf 88' lang='lat' dir='ltr'>Sed</span> <span class='ocrx_word' id='word_1_70' title='bbox 185 997 254 1073; x_wconf 88' lang='lat' dir='ltr'>qnid</span> <span class='ocrx_word' id='word_1_71' title='bbox 275 1015 380 1073; x_wconf 89' lang='lat' dir='ltr'>quaero</span> <span class='ocrx_word' id='word_1_72' title='bbox 403 999 534 1075; x_wconf 85' lang='lat' dir='ltr'>exempla</span> <span class='ocrx_word' id='word_1_73' title='bbox 556 999 591 1059; x_wconf 88' lang='lat' dir='ltr'>de</span> <span class='ocrx_word' id='word_1_74' title='bbox 612 993 735 1073; x_wconf 84' lang='lat' dir='ltr'>remoto,</span> <span class='ocrx_word' id='word_1_75' title='bbox 752 1009 818 1059; x_wconf 90' lang='lat' dir='ltr'>&#39;cum</span> <span class='ocrx_word' id='word_1_76' title='bbox 839 1001 895 1061; x_wconf 91' lang='lat' dir='ltr'>hoc</span> <span class='ocrx_word' id='word_1_77' title='bbox 916 1001 994 1077; x_wconf 88' lang='lat' dir='ltr'>quod</span> <span class='ocrx_word' id='word_1_78' title='bbox 1016 1001 1052 1062; x_wconf 89' lang='lat' dir='ltr'>de</span> <span class='ocrx_word' id='word_1_79' title='bbox 1077 1001 1140 1061; x_wconf 89' lang='lat' dir='ltr'>aliis</span> 
     </span>
     <span class='ocr_line' id='line_1_10' title="bbox 103 1085 755 1163; baseline 0.006 -21"><span class='ocrx_word' id='word_1_80' title='bbox 103 1086 200 1160; x_wconf 89' lang='lat' dir='ltr'>recito,</span> <span class='ocrx_word' id='word_1_81' title='bbox 221 1085 370 1161; x_wconf 91' lang='lat' dir='ltr'>impletum</span> <span class='ocrx_word' id='word_1_82' title='bbox 382 1086 533 1162; x_wconf 69' lang='lat' dir='ltr'>gaudeam</span> <span class='ocrx_word' id='word_1_83' title='bbox 554 1089 584 1144; x_wconf 91' lang='lat' dir='ltr'>in</span> <span class='ocrx_word' id='word_1_84' title='bbox 604 1104 651 1147; x_wconf 90' lang='lat' dir='ltr'>me</span> <span class='ocrx_word' id='word_1_85' title='bbox 673 1086 755 1163; x_wconf 76' lang='lat' dir='ltr'>ipso?</span> 
     </span>
    </p>
   </div>
   <div class='ocr_carea' id='block_1_4' title="bbox 443 1261 800 1373">
    <p class='ocr_par' dir='ltr' id='par_1_4' title="bbox 443 1261 800 1373">
     <span class='ocr_line' id='line_1_11' title="bbox 443 1261 800 1373; baseline 0.003 -2"><span class='ocrx_word' id='word_1_86' title='bbox 443 1261 675 1372; x_wconf 81' lang='lat' dir='ltr'>OAPlTULUM</span> <span class='ocrx_word' id='word_1_87' title='bbox 699 1312 800 1373; x_wconf 88' lang='lat' dir='ltr'><strong>XVII.</strong></span> 
     </span>
    </p>
   </div>
   <div class='ocr_carea' id='block_1_5' title="bbox 282 1452 962 1526">
    <p class='ocr_par' dir='ltr' id='par_1_5' title="bbox 282 1452 962 1526">
     <span class='ocr_line' id='line_1_12' title="bbox 282 1452 962 1526; baseline 0 -16"><span class='ocrx_word' id='word_1_88' title='bbox 282 1453 330 1510; x_wconf 88' lang='lat' dir='ltr'>De</span> <span class='ocrx_word' id='word_1_89' title='bbox 350 1454 538 1510; x_wconf 71' lang='lat' dir='ltr'>conversione</span> <span class='ocrx_word' id='word_1_90' title='bbox 559 1455 689 1510; x_wconf 68' lang='lat' dir='ltr'>aaaron</span> <span class='ocrx_word' id='word_1_91' title='bbox 710 1453 799 1511; x_wconf 81' lang='lat' dir='ltr'>buius</span> <span class='ocrx_word' id='word_1_92' title='bbox 821 1452 962 1526; x_wconf 76' lang='lat' dir='ltr'><em>opusculi.</em></span> 
     </span>
    </p>
   </div>
   <div class='ocr_carea' id='block_1_6' title="bbox 99 1607 1139 2118">
    <p class='ocr_par' dir='ltr' id='par_1_6' title="bbox 99 1607 1139 2118">
     <span class='ocr_line' id='line_1_13' title="bbox 167 1607 1139 1685; baseline 0.001 -19"><span class='ocrx_word' id='word_1_93' title='bbox 167 1607 211 1668; x_wconf 88' lang='lat' dir='ltr'>Eo</span> <span class='ocrx_word' id='word_1_94' title='bbox 233 1614 362 1684; x_wconf 90' lang='lat' dir='ltr'>tempore</span> <span class='ocrx_word' id='word_1_95' title='bbox 384 1625 440 1683; x_wconf 93' lang='lat' dir='ltr'>quo</span> <span class='ocrx_word' id='word_1_96' title='bbox 462 1607 526 1667; x_wconf 84' lang='lat' dir='ltr'>Rex</span> <span class='ocrx_word' id='word_1_97' title='bbox 546 1607 696 1684; x_wconf 82' lang='lat' dir='ltr'>Philippus</span> <span class='ocrx_word' id='word_1_98' title='bbox 717 1611 808 1685; x_wconf 85' lang='lat' dir='ltr'>primo</span> <span class='ocrx_word' id='word_1_99' title='bbox 830 1611 955 1668; x_wconf 86' lang='lat' dir='ltr'>vastavit</span> <span class='ocrx_word' id='word_1_100' title='bbox 975 1608 1139 1667; x_wconf 88' lang='lat' dir='ltr'>Dioeoesim</span> 
     </span>
     <span class='ocr_line' id='line_1_14' title="bbox 105 1693 1139 1772; baseline -0.001 -18"><span class='ocrx_word' id='word_1_101' title='bbox 105 1693 318 1770; x_wconf 78' lang='lat' dir='ltr'>Coloniensem,</span> <span class='ocrx_word' id='word_1_102' title='bbox 347 1698 464 1772; x_wconf 86' lang='lat' dir='ltr'>contigit</span> <span class='ocrx_word' id='word_1_103' title='bbox 492 1712 539 1754; x_wconf 92' lang='lat' dir='ltr'>me</span> <span class='ocrx_word' id='word_1_104' title='bbox 568 1712 634 1753; x_wconf 91' lang='lat' dir='ltr'>cum</span> <span class='ocrx_word' id='word_1_105' title='bbox 663 1695 777 1754; x_wconf 92' lang='lat' dir='ltr'>domino</span> <span class='ocrx_word' id='word_1_106' title='bbox 801 1694 936 1755; x_wconf 84' lang='lat' dir='ltr'>Gevardo</span> <span class='ocrx_word' id='word_1_107' title='bbox 957 1694 1075 1754; x_wconf 86' lang='lat' dir='ltr'>Abbate</span> <span class='ocrx_word' id='word_1_108' title='bbox 1101 1693 1139 1753; x_wconf 90' lang='lat' dir='ltr'>de</span> 
     </span>
     <span class='ocr_line' id='line_1_15' title="bbox 104 1781 1139 1858; baseline 0 -18"><span class='ocrx_word' id='word_1_109' title='bbox 104 1781 203 1842; x_wconf 86' lang='lat' dir='ltr'>Monte</span> <span class='ocrx_word' id='word_1_110' title='bbox 226 1789 342 1842; x_wconf 89' lang='lat' dir='ltr'>sanctae</span> <span class='ocrx_word' id='word_1_111' title='bbox 364 1782 530 1858; x_wconf 85' lang='lat' dir='ltr'>Walburgis</span> <span class='ocrx_word' id='word_1_112' title='bbox 551 1784 592 1839; x_wconf 88' lang='lat' dir='ltr'>ire</span> <span class='ocrx_word' id='word_1_113' title='bbox 615 1781 771 1841; x_wconf 78' lang='lat' dir='ltr'>Coloniam.</span> <span class='ocrx_word' id='word_1_114' title='bbox 821 1782 860 1840; x_wconf 87' lang='lat' dir='ltr'>Et</span> <span class='ocrx_word' id='word_1_115' title='bbox 884 1799 950 1841; x_wconf 93' lang='lat' dir='ltr'>cum</span> <span class='ocrx_word' id='word_1_116' title='bbox 971 1799 1017 1840; x_wconf 91' lang='lat' dir='ltr'>me</span> <span class='ocrx_word' id='word_1_117' title='bbox 1039 1783 1068 1838; x_wconf 93' lang='lat' dir='ltr'>in</span> <span class='ocrx_word' id='word_1_118' title='bbox 1089 1782 1139 1840; x_wconf 89' lang='lat' dir='ltr'>via</span> 
     </span>
     <span class='ocr_line' id='line_1_16' title="bbox 99 1866 1138 1944; baseline -0.003 -15"><span class='ocrx_word' id='word_1_119' title='bbox 99 1886 171 1929; x_wconf 72' lang='lat' dir='ltr'>&#39;cnm</span> <span class='ocrx_word' id='word_1_120' title='bbox 190 1869 281 1929; x_wconf 91' lang='lat' dir='ltr'>multa</span> <span class='ocrx_word' id='word_1_121' title='bbox 301 1871 436 1928; x_wconf 86' lang='lat' dir='ltr'>instantia</span> <span class='ocrx_word' id='word_1_122' title='bbox 457 1868 617 1928; x_wconf 81' lang='lat' dir='ltr'>hortaretur</span> <span class='ocrx_word' id='word_1_123' title='bbox 638 1868 676 1928; x_wconf 88' lang='lat' dir='ltr'>ad</span> <span class='ocrx_word' id='word_1_124' title='bbox 697 1871 919 1942; x_wconf 79' lang='lat' dir='ltr'>conversionem,</span> <span class='ocrx_word' id='word_1_125' title='bbox 940 1885 994 1927; x_wconf 89' lang='lat' dir='ltr'>nec</span> <span class='ocrx_word' id='word_1_126' title='bbox 1013 1866 1138 1944; x_wconf 84' lang='lat' dir='ltr'>proiice-</span> 
     </span>
     <span class='ocr_line' id='line_1_17' title="bbox 103 1955 1139 2031; baseline 0.002 -19"><span class='ocrx_word' id='word_1_127' title='bbox 103 1961 155 2029; x_wconf 88' lang='lat' dir='ltr'>ret,</span> <span class='ocrx_word' id='word_1_128' title='bbox 175 1955 272 2014; x_wconf 89' lang='lat' dir='ltr'>retulit</span> <span class='ocrx_word' id='word_1_129' title='bbox 292 1957 361 2013; x_wconf 92' lang='lat' dir='ltr'>mihi</span> <span class='ocrx_word' id='word_1_130' title='bbox 381 1957 520 2014; x_wconf 82' lang='lat' dir='ltr'>visionem</span> <span class='ocrx_word' id='word_1_131' title='bbox 541 1955 619 2013; x_wconf 90' lang='lat' dir='ltr'>illam</span> <span class='ocrx_word' id='word_1_132' title='bbox 640 1955 795 2031; x_wconf 85' lang='lat' dir='ltr'>gloriosam</span> <span class='ocrx_word' id='word_1_133' title='bbox 809 1955 1008 2028; x_wconf 63' lang='lat' dir='ltr'>claraevallis,</span> <span class='ocrx_word' id='word_1_134' title='bbox 1029 1955 1059 2012; x_wconf 88' lang='lat' dir='ltr'>in</span> <span class='ocrx_word' id='word_1_135' title='bbox 1081 1971 1139 2028; x_wconf 86' lang='lat' dir='ltr'>qua</span> 
     </span>
     <span class='ocr_line' id='line_1_18' title="bbox 103 2040 1138 2118; baseline -0.001 -18"><span class='ocrx_word' id='word_1_136' title='bbox 103 2041 214 2118; x_wconf 86' lang='lat' dir='ltr'>legitur,</span> <span class='ocrx_word' id='word_1_137' title='bbox 236 2042 314 2117; x_wconf 92' lang='lat' dir='ltr'>quod</span> <span class='ocrx_word' id='word_1_138' title='bbox 329 2042 591 2117; x_wconf 89' lang='lat' dir='ltr'>quodamtampore</span> <span class='ocrx_word' id='word_1_139' title='bbox 613 2044 722 2116; x_wconf 90' lang='lat' dir='ltr'>messis,</span> <span class='ocrx_word' id='word_1_140' title='bbox 745 2059 810 2102; x_wconf 91' lang='lat' dir='ltr'>oum</span> <span class='ocrx_word' id='word_1_141' title='bbox 833 2049 990 2101; x_wconf 90' lang='lat' dir='ltr'>conventus</span> <span class='ocrx_word' id='word_1_142' title='bbox 1010 2042 1040 2099; x_wconf 91' lang='lat' dir='ltr'>in</span> <span class='ocrx_word' id='word_1_143' title='bbox 1062 2040 1138 2100; x_wconf 86' lang='lat' dir='ltr'>valle</span> 
     </span>
    </p>
   </div>
   <div class='ocr_carea' id='block_1_7' title="bbox 6 2127 1138 2204">
    <p class='ocr_par' dir='ltr' id='par_1_7' title="bbox 6 2127 1138 2204">
     <span class='ocr_line' id='line_1_19' title="bbox 6 2127 1138 2204; baseline 0 -18"><span class='ocrx_word' id='word_1_144' title='bbox 6 2131 8 2136; x_wconf 83' lang='lat'>&#39;</span> <span class='ocrx_word' id='word_1_145' title='bbox 103 2135 230 2203; x_wconf 90' lang='lat' dir='ltr'>meteret,</span> <span class='ocrx_word' id='word_1_146' title='bbox 251 2130 338 2187; x_wconf 88' lang='lat' dir='ltr'>beata</span> <span class='ocrx_word' id='word_1_147' title='bbox 358 2128 415 2187; x_wconf 89' lang='lat' dir='ltr'>Dei</span> <span class='ocrx_word' id='word_1_148' title='bbox 435 2130 557 2204; x_wconf 83' lang='lat' dir='ltr'>genitrix</span> <span class='ocrx_word' id='word_1_149' title='bbox 578 2130 658 2204; x_wconf 85' lang='lat' dir='ltr'>virgo</span> <span class='ocrx_word' id='word_1_150' title='bbox 681 2127 774 2187; x_wconf 88' lang='lat' dir='ltr'>Maria</span> <span class='ocrx_word' id='word_1_151' title='bbox 795 2135 824 2187; x_wconf 91' lang='lat' dir='ltr'>et</span> <span class='ocrx_word' id='word_1_152' title='bbox 845 2134 945 2188; x_wconf 87' lang='lat' dir='ltr'>saneta</span> <span class='ocrx_word' id='word_1_153' title='bbox 965 2127 1052 2186; x_wconf 87' lang='lat' dir='ltr'>Anna</span> <span class='ocrx_word' id='word_1_154' title='bbox 1072 2144 1138 2186; x_wconf 88' lang='lat' dir='ltr'>ma-</span> 
     </span>
    </p>
   </div>
   <div class='ocr_carea' id='block_1_8' title="bbox 99 2213 1139 3245">
    <p class='ocr_par' dir='ltr' id='par_1_8' title="bbox 99 2213 1139 3245">
     <span class='ocr_line' id='line_1_20' title="bbox 103 2213 1138 2290; baseline -0.001 -18"><span class='ocrx_word' id='word_1_155' title='bbox 103 2220 148 2273; x_wconf 87' lang='lat' dir='ltr'>ter</span> <span class='ocrx_word' id='word_1_156' title='bbox 183 2217 243 2274; x_wconf 91' lang='lat' dir='ltr'>eius</span> <span class='ocrx_word' id='word_1_157' title='bbox 270 2232 304 2273; x_wconf 90' lang='lat' dir='ltr'>ac</span> <span class='ocrx_word' id='word_1_158' title='bbox 333 2220 433 2274; x_wconf 89' lang='lat' dir='ltr'>sancta</span> <span class='ocrx_word' id='word_1_159' title='bbox 460 2213 554 2274; x_wconf 90' lang='lat' dir='ltr'>Maria</span> <span class='ocrx_word' id='word_1_160' title='bbox 581 2213 754 2290; x_wconf 84' lang='lat' dir='ltr'>Magdalena</span> <span class='ocrx_word' id='word_1_161' title='bbox 784 2214 819 2273; x_wconf 92' lang='lat' dir='ltr'>de</span> <span class='ocrx_word' id='word_1_162' title='bbox 848 2221 945 2274; x_wconf 92' lang='lat' dir='ltr'>monte</span> <span class='ocrx_word' id='word_1_163' title='bbox 974 2216 1138 2288; x_wconf 88' lang='lat' dir='ltr'>venientes,</span> 
     </span>
     <span class='ocr_line' id='line_1_21' title="bbox 104 2297 1138 2390; baseline -0.001 -31"><span class='ocrx_word' id='word_1_164' title='bbox 104 2299 230 2377; x_wconf 86' lang='lat' dir='ltr'>quodam</span> <span class='ocrx_word' id='word_1_165' title='bbox 250 2304 313 2360; x_wconf 89' lang='lat' dir='ltr'>viro</span> <span class='ocrx_word' id='word_1_166' title='bbox 326 2297 346 2381; x_wconf 87' lang='lat'>⁵)</span> <span class='ocrx_word' id='word_1_167' title='bbox 367 2308 483 2375; x_wconf 89' lang='lat' dir='ltr'>sancto,</span> <span class='ocrx_word' id='word_1_168' title='bbox 506 2303 554 2376; x_wconf 90' lang='lat' dir='ltr'>qui</span> <span class='ocrx_word' id='word_1_169' title='bbox 575 2302 671 2360; x_wconf 86' lang='lat' dir='ltr'>stabat</span> <span class='ocrx_word' id='word_1_170' title='bbox 692 2318 728 2360; x_wconf 89' lang='lat' dir='ltr'>cx</span> <span class='ocrx_word' id='word_1_171' title='bbox 749 2300 886 2390; x_wconf 77' lang='lat' dir='ltr'>adverso,</span> <span class='ocrx_word' id='word_1_172' title='bbox 907 2302 1077 2377; x_wconf 79' lang='lat' dir='ltr'>aspiciente,</span> <span class='ocrx_word' id='word_1_173' title='bbox 1107 2301 1138 2358; x_wconf 91' lang='lat' dir='ltr'>in</span> 
     </span>
     <span class='ocr_line' id='line_1_22' title="bbox 103 2385 1138 2464; baseline -0.002 -16"><span class='ocrx_word' id='word_1_174' title='bbox 103 2387 209 2448; x_wconf 92' lang='lat' dir='ltr'>vallem</span> <span class='ocrx_word' id='word_1_175' title='bbox 238 2388 359 2447; x_wconf 90' lang='lat' dir='ltr'>eandem</span> <span class='ocrx_word' id='word_1_176' title='bbox 387 2391 416 2446; x_wconf 93' lang='lat' dir='ltr'>in</span> <span class='ocrx_word' id='word_1_177' title='bbox 444 2405 550 2464; x_wconf 80' lang='lat' dir='ltr'>magna</span> <span class='ocrx_word' id='word_1_178' title='bbox 572 2387 699 2446; x_wconf 88' lang='lat' dir='ltr'>claritate</span> <span class='ocrx_word' id='word_1_179' title='bbox 728 2388 950 2461; x_wconf 87' lang='lat' dir='ltr'>descenderunt,</span> <span class='ocrx_word' id='word_1_180' title='bbox 979 2385 1138 2446; x_wconf 86' lang='lat' dir='ltr'>monacho-</span> 
     </span>
     <span class='ocr_line' id='line_1_23' title="bbox 99 2470 1139 2553; baseline -0.002 -20"><span class='ocrx_word' id='word_1_181' title='bbox 99 2481 167 2533; x_wconf 82' lang='lat' dir='ltr'>&#39;rum</span> <span class='ocrx_word' id='word_1_182' title='bbox 188 2474 306 2534; x_wconf 89' lang='lat' dir='ltr'>sudores</span> <span class='ocrx_word' id='word_1_183' title='bbox 334 2481 482 2548; x_wconf 87' lang='lat' dir='ltr'>terserunt,</span> <span class='ocrx_word' id='word_1_184' title='bbox 510 2475 624 2533; x_wconf 90' lang='lat' dir='ltr'>flabello</span> <span class='ocrx_word' id='word_1_185' title='bbox 637 2470 658 2553; x_wconf 83' lang='lat'>⁶)</span> <span class='ocrx_word' id='word_1_186' title='bbox 681 2478 856 2534; x_wconf 89' lang='lat' dir='ltr'>manicarum</span> <span class='ocrx_word' id='word_1_187' title='bbox 884 2492 999 2532; x_wconf 89' lang='lat' dir='ltr'>suarum</span> <span class='ocrx_word' id='word_1_188' title='bbox 1019 2480 1139 2533; x_wconf 90' lang='lat' dir='ltr'>ventum</span> 
     </span>
     <span class='ocr_line' id='line_1_24' title="bbox 103 2560 1138 2638; baseline -0.003 -17"><span class='ocrx_word' id='word_1_189' title='bbox 103 2561 307 2635; x_wconf 88' lang='lat' dir='ltr'>admoverunt,</span> <span class='ocrx_word' id='word_1_190' title='bbox 339 2561 497 2636; x_wconf 88' lang='lat' dir='ltr'>etreliqua</span> <span class='ocrx_word' id='word_1_191' title='bbox 519 2561 721 2636; x_wconf 87' lang='lat' dir='ltr'>quaeibidem</span> <span class='ocrx_word' id='word_1_192' title='bbox 749 2564 843 2638; x_wconf 85' lang='lat' dir='ltr'>posita</span> <span class='ocrx_word' id='word_1_193' title='bbox 871 2568 946 2620; x_wconf 89' lang='lat' dir='ltr'>sunt.</span> <span class='ocrx_word' id='word_1_194' title='bbox 1000 2560 1138 2619; x_wconf 87' lang='lat' dir='ltr'>Sermone</span> 
     </span>
     <span class='ocr_line' id='line_1_25' title="bbox 104 2647 1139 2723; baseline -0.003 -15"><span class='ocrx_word' id='word_1_195' title='bbox 104 2648 189 2708; x_wconf 92' lang='lat' dir='ltr'>huius</span> <span class='ocrx_word' id='word_1_196' title='bbox 209 2650 326 2708; x_wconf 86' lang='lat' dir='ltr'>visionis</span> <span class='ocrx_word' id='word_1_197' title='bbox 346 2650 376 2705; x_wconf 93' lang='lat' dir='ltr'>in</span> <span class='ocrx_word' id='word_1_198' title='bbox 405 2654 515 2706; x_wconf 89' lang='lat' dir='ltr'>tantum</span> <span class='ocrx_word' id='word_1_199' title='bbox 538 2654 637 2706; x_wconf 89' lang='lat' dir='ltr'>motus</span> <span class='ocrx_word' id='word_1_200' title='bbox 664 2647 719 2721; x_wconf 88' lang='lat' dir='ltr'>fui,</span> <span class='ocrx_word' id='word_1_201' title='bbox 748 2655 780 2707; x_wconf 89' lang='lat' dir='ltr'>ut</span> <span class='ocrx_word' id='word_1_202' title='bbox 800 2647 910 2707; x_wconf 86' lang='lat' dir='ltr'>Abbati</span> <span class='ocrx_word' id='word_1_203' title='bbox 937 2649 1139 2723; x_wconf 87' lang='lat' dir='ltr'>promitterem,</span> 
     </span>
     <span class='ocr_line' id='line_1_26' title="bbox 103 2734 1138 2812; baseline -0.003 -17"><span class='ocrx_word' id='word_1_204' title='bbox 103 2753 157 2795; x_wconf 86' lang='lat' dir='ltr'>me·</span> <span class='ocrx_word' id='word_1_205' title='bbox 171 2752 230 2795; x_wconf 88' lang='lat' dir='ltr'>non</span> <span class='ocrx_word' id='word_1_206' title='bbox 251 2743 404 2794; x_wconf 90' lang='lat' dir='ltr'>venturum</span> <span class='ocrx_word' id='word_1_207' title='bbox 425 2737 479 2793; x_wconf 90' lang='lat' dir='ltr'>nisi</span> <span class='ocrx_word' id='word_1_208' title='bbox 501 2734 613 2793; x_wconf 90' lang='lat' dir='ltr'>adeius</span> <span class='ocrx_word' id='word_1_209' title='bbox 636 2734 753 2793; x_wconf 92' lang='lat' dir='ltr'>domum</span> <span class='ocrx_word' id='word_1_210' title='bbox 774 2737 867 2812; x_wconf 85' lang='lat' dir='ltr'>gratia</span> <span class='ocrx_word' id='word_1_211' title='bbox 889 2736 1091 2807; x_wconf 86' lang='lat' dir='ltr'>conversionis,</span> <span class='ocrx_word' id='word_1_212' title='bbox 1113 2736 1138 2792; x_wconf 93' lang='lat' dir='ltr'>si</span> 
     </span>
     <span class='ocr_line' id='line_1_27' title="bbox 103 2820 1138 2897; baseline -0.003 -15"><span class='ocrx_word' id='word_1_213' title='bbox 103 2829 200 2882; x_wconf 87' lang='lat' dir='ltr'>tamen</span> <span class='ocrx_word' id='word_1_214' title='bbox 220 2821 302 2881; x_wconf 92' lang='lat' dir='ltr'>Deus</span> <span class='ocrx_word' id='word_1_215' title='bbox 324 2821 393 2880; x_wconf 90' lang='lat' dir='ltr'>mihi</span> <span class='ocrx_word' id='word_1_216' title='bbox 412 2823 562 2897; x_wconf 89' lang='lat' dir='ltr'>inspiraret</span> <span class='ocrx_word' id='word_1_217' title='bbox 582 2820 768 2880; x_wconf 84' lang='lat' dir='ltr'>voluntatem.</span> <span class='ocrx_word' id='word_1_218' title='bbox 811 2820 953 2879; x_wconf 88' lang='lat' dir='ltr'>Astrictus</span> <span class='ocrx_word' id='word_1_219' title='bbox 982 2827 1051 2879; x_wconf 90' lang='lat' dir='ltr'>tunc</span> <span class='ocrx_word' id='word_1_220' title='bbox 1072 2820 1138 2879; x_wconf 84' lang='lat' dir='ltr'>fue-</span> 
     </span>
     <span class='ocr_line' id='line_1_28' title="bbox 103 2906 1138 2985; baseline -0.003 -17"><span class='ocrx_word' id='word_1_221' title='bbox 103 2926 165 2968; x_wconf 88' lang='lat' dir='ltr'>ram</span> <span class='ocrx_word' id='word_1_222' title='bbox 191 2915 260 2968; x_wconf 91' lang='lat' dir='ltr'>voto</span> <span class='ocrx_word' id='word_1_223' title='bbox 289 2910 521 2985; x_wconf 83' lang='lat' dir='ltr'>peregrinationis</span> <span class='ocrx_word' id='word_1_224' title='bbox 549 2908 587 2967; x_wconf 90' lang='lat' dir='ltr'>ad</span> <span class='ocrx_word' id='word_1_225' title='bbox 608 2914 737 2967; x_wconf 89' lang='lat' dir='ltr'>sanctam</span> <span class='ocrx_word' id='word_1_226' title='bbox 757 2907 880 2966; x_wconf 91' lang='lat' dir='ltr'>Mariam</span> <span class='ocrx_word' id='word_1_227' title='bbox 901 2906 992 2982; x_wconf 89' lang='lat' dir='ltr'>Rupis</span> <span class='ocrx_word' id='word_1_228' title='bbox 1013 2906 1138 2966; x_wconf 87' lang='lat' dir='ltr'>Amato-</span> 
     </span>
     <span class='ocr_line' id='line_1_29' title="bbox 103 2993 1138 3076; baseline -0.003 -23"><span class='ocrx_word' id='word_1_229' title='bbox 103 2998 142 3054; x_wconf 89' lang='lat' dir='ltr'>ris</span> <span class='ocrx_word' id='word_1_230' title='bbox 155 2993 184 3076; x_wconf 59' lang='grc' dir='ltr'>ἵ),</span> <span class='ocrx_word' id='word_1_231' title='bbox 206 3012 280 3072; x_wconf 89' lang='lat' dir='ltr'>quae</span> <span class='ocrx_word' id='word_1_232' title='bbox 301 2998 424 3054; x_wconf 83' lang='lat' dir='ltr'>maxime</span> <span class='ocrx_word' id='word_1_233' title='bbox 446 3012 492 3054; x_wconf 92' lang='lat' dir='ltr'>me</span> <span class='ocrx_word' id='word_1_234' title='bbox 514 2997 636 3054; x_wconf 87' lang='lat' dir='ltr'>retinuit.</span> <span class='ocrx_word' id='word_1_235' title='bbox 691 2995 755 3070; x_wconf 83' lang='lat' dir='ltr'>Qua</span> <span class='ocrx_word' id='word_1_236' title='bbox 783 3000 850 3070; x_wconf 92' lang='lat' dir='ltr'>post</span> <span class='ocrx_word' id='word_1_237' title='bbox 871 3011 984 3053; x_wconf 90' lang='lat' dir='ltr'>menses</span> <span class='ocrx_word' id='word_1_238' title='bbox 1006 3001 1064 3052; x_wconf 92' lang='lat' dir='ltr'>tres</span> <span class='ocrx_word' id='word_1_239' title='bbox 1086 3010 1138 3052; x_wconf 86' lang='lat' dir='ltr'>ex-</span> 
     </span>
     <span class='ocr_line' id='line_1_30' title="bbox 102 3080 1138 3158; baseline -0.005 -17"><span class='ocrx_word' id='word_1_240' title='bbox 102 3081 196 3158; x_wconf 86' lang='lat' dir='ltr'>pleta,</span> <span class='ocrx_word' id='word_1_241' title='bbox 223 3081 301 3140; x_wconf 92' lang='lat' dir='ltr'>nullo</span> <span class='ocrx_word' id='word_1_242' title='bbox 330 3083 486 3140; x_wconf 90' lang='lat' dir='ltr'>amicorum</span> <span class='ocrx_word' id='word_1_243' title='bbox 514 3098 643 3140; x_wconf 91' lang='lat' dir='ltr'>meorum</span> <span class='ocrx_word' id='word_1_244' title='bbox 671 3084 795 3155; x_wconf 88' lang='lat' dir='ltr'>sciente,</span> <span class='ocrx_word' id='word_1_245' title='bbox 816 3081 877 3139; x_wconf 87' lang='lat' dir='ltr'>sola</span> <span class='ocrx_word' id='word_1_246' title='bbox 899 3080 955 3139; x_wconf 91' lang='lat' dir='ltr'>Dei</span> <span class='ocrx_word' id='word_1_247' title='bbox 977 3082 1138 3139; x_wconf 87' lang='lat' dir='ltr'>misericor-</span> 
     </span>
     <span class='ocr_line' id='line_1_31' title="bbox 104 3166 1139 3245; baseline -0.002 -18"><span class='ocrx_word' id='word_1_248' title='bbox 104 3167 151 3228; x_wconf 88' lang='lat' dir='ltr'>dia</span> <span class='ocrx_word' id='word_1_249' title='bbox 171 3186 218 3227; x_wconf 93' lang='lat' dir='ltr'>me</span> <span class='ocrx_word' id='word_1_250' title='bbox 245 3170 447 3245; x_wconf 87' lang='lat' dir='ltr'>praeveniente</span> <span class='ocrx_word' id='word_1_251' title='bbox 476 3174 505 3227; x_wconf 90' lang='lat' dir='ltr'>et</span> <span class='ocrx_word' id='word_1_252' title='bbox 525 3175 728 3244; x_wconf 90' lang='lat' dir='ltr'>promovente,</span> <span class='ocrx_word' id='word_1_253' title='bbox 754 3168 792 3227; x_wconf 90' lang='lat' dir='ltr'>ad</span> <span class='ocrx_word' id='word_1_254' title='bbox 813 3167 929 3226; x_wconf 92' lang='lat' dir='ltr'>Vallem</span> <span class='ocrx_word' id='word_1_255' title='bbox 949 3169 1040 3225; x_wconf 88' lang='lat' dir='ltr'>sancti</span> <span class='ocrx_word' id='word_1_256' title='bbox 1061 3166 1139 3225; x_wconf 86' lang='lat' dir='ltr'>Petri</span> 
     </span>
    </p>
   </div>
   <div class='ocr_carea' id='block_1_9' title="bbox 123 3350 1139 3834">
    <p class='ocr_par' dir='ltr' id='par_1_9' title="bbox 123 3350 1139 3834">
     <span class='ocr_line' id='line_1_32' title="bbox 123 3350 1139 3489; baseline -0.003 -15"><span class='ocrx_word' id='word_1_257' title='bbox 123 3354 154 3421; x_wconf 63' lang='lat'>¹³</span> <span class='ocrx_word' id='word_1_258' title='bbox 172 3352 502 3489; x_wconf 63' lang='lat' dir='ltr'>ltittzitttlii‘,</span> <span class='ocrx_word' id='word_1_259' title='bbox 515 3350 1139 3488; x_wconf 58' lang='lat' dir='ltr'>tlt{illisittitilletur?</span> 
     </span>
     <span class='ocr_line' id='line_1_33' title="bbox 171 3485 1137 3560; baseline -0.005 -15"><span class='ocrx_word' id='word_1_260' title='bbox 171 3522 204 3531; x_wconf 90' lang='lat'>-</span> <span class='ocrx_word' id='word_1_261' title='bbox 224 3494 256 3560; x_wconf 87' lang='grc'>3)</span> <span class='ocrx_word' id='word_1_262' title='bbox 274 3492 411 3544; x_wconf 78' lang='lat' dir='ltr'>Abbatis</span> <span class='ocrx_word' id='word_1_263' title='bbox 428 3507 469 3542; x_wconf 91' lang='lat' dir='ltr'>orn</span> <span class='ocrx_word' id='word_1_264' title='bbox 487 3485 536 3543; x_wconf 83' lang='lat' dir='ltr'>br.</span> <span class='ocrx_word' id='word_1_265' title='bbox 548 3521 578 3530; x_wconf 93' lang='lat'>—</span> <span class='ocrx_word' id='word_1_266' title='bbox 598 3491 631 3558; x_wconf 81' lang='grc'>4)</span> <span class='ocrx_word' id='word_1_267' title='bbox 649 3491 681 3542; x_wconf 89' lang='lat' dir='ltr'>de</span> <span class='ocrx_word' id='word_1_268' title='bbox 698 3492 747 3542; x_wconf 86' lang='lat' dir='ltr'>hoo</span> <span class='ocrx_word' id='word_1_269' title='bbox 765 3492 873 3542; x_wconf 81' lang='lat' dir='ltr'>ilenrico</span> <span class='ocrx_word' id='word_1_270' title='bbox 891 3490 949 3543; x_wconf 90' lang='lat' dir='ltr'>vide</span> <span class='ocrx_word' id='word_1_271' title='bbox 967 3493 1042 3542; x_wconf 88' lang='lat' dir='ltr'>etiam</span> <span class='ocrx_word' id='word_1_272' title='bbox 1052 3491 1102 3540; x_wconf 86' lang='lat' dir='ltr'>vu.</span> <span class='ocrx_word' id='word_1_273' title='bbox 1112 3491 1137 3542; x_wconf 91' lang='lat' dir='ltr'>S.</span> 
     </span>
     <span class='ocr_line' id='line_1_34' title="bbox 171 3559 1138 3629; baseline -0.003 -16"><span class='ocrx_word' id='word_1_274' title='bbox 171 3561 291 3613; x_wconf 86' lang='lat' dir='ltr'>chard.</span> <span class='ocrx_word' id='word_1_275' title='bbox 311 3562 362 3624; x_wconf 80' lang='lat' dir='ltr'>vll,</span> <span class='ocrx_word' id='word_1_276' title='bbox 381 3561 421 3612; x_wconf 86' lang='lat'>19.</span> <span class='ocrx_word' id='word_1_277' title='bbox 440 3562 471 3623; x_wconf 86' lang='lat' dir='ltr'>V,</span> <span class='ocrx_word' id='word_1_278' title='bbox 489 3561 598 3629; x_wconf 84' lang='lat'>1.-5)</span> <span class='ocrx_word' id='word_1_279' title='bbox 616 3564 688 3613; x_wconf 89' lang='lat' dir='ltr'>viro</span> <span class='ocrx_word' id='word_1_280' title='bbox 706 3576 747 3611; x_wconf 90' lang='lat' dir='ltr'>orn</span> <span class='ocrx_word' id='word_1_281' title='bbox 765 3560 812 3613; x_wconf 88' lang='lat' dir='ltr'>BC.</span> <span class='ocrx_word' id='word_1_282' title='bbox 825 3591 854 3600; x_wconf 88' lang='lat'><em>-</em></span> <span class='ocrx_word' id='word_1_283' title='bbox 872 3560 904 3627; x_wconf 82' lang='grc'>6)</span> <span class='ocrx_word' id='word_1_284' title='bbox 922 3560 962 3612; x_wconf 85' lang='lat' dir='ltr'>DP</span> <span class='ocrx_word' id='word_1_285' title='bbox 981 3559 1138 3611; x_wconf 81' lang='lat' dir='ltr'>flabellis.</span> 
     </span>
     <span class='ocr_line' id='line_1_35' title="bbox 172 3629 1139 3698; baseline -0.001 -16"><span class='ocrx_word' id='word_1_286' title='bbox 172 3632 203 3698; x_wconf 86' lang='grc'>7)</span> <span class='ocrx_word' id='word_1_287' title='bbox 222 3631 260 3682; x_wconf 88' lang='lat' dir='ltr'>CP</span> <span class='ocrx_word' id='word_1_288' title='bbox 285 3631 488 3692; x_wconf 80' lang='lat' dir='ltr'>salvatoris,</span> <span class='ocrx_word' id='word_1_289' title='bbox 513 3630 532 3682; x_wconf 90' lang='lat' dir='ltr'>B</span> <span class='ocrx_word' id='word_1_290' title='bbox 557 3630 741 3681; x_wconf 85' lang='lat' dir='ltr'>antodoris.</span> <span class='ocrx_word' id='word_1_291' title='bbox 778 3630 861 3695; x_wconf 83' lang='lat' dir='ltr'>Rupes</span> <span class='ocrx_word' id='word_1_292' title='bbox 887 3632 1027 3691; x_wconf 78' lang='lat' dir='ltr'>Amatoris,</span> <span class='ocrx_word' id='word_1_293' title='bbox 1054 3629 1139 3681; x_wconf 78' lang='lat' dir='ltr'>liora·</span> 
     </span>
     <span class='ocr_line' id='line_1_36' title="bbox 171 3699 1139 3769; baseline -0.003 -17"><span class='ocrx_word' id='word_1_294' title='bbox 171 3699 303 3753; x_wconf 84' lang='lat' dir='ltr'>madonr</span> <span class='ocrx_word' id='word_1_295' title='bbox 320 3702 345 3750; x_wconf 90' lang='lat' dir='ltr'>in</span> <span class='ocrx_word' id='word_1_296' title='bbox 363 3703 468 3769; x_wconf 82' lang='lat' dir='ltr'>regione</span> <span class='ocrx_word' id='word_1_297' title='bbox 487 3699 664 3761; x_wconf 85' lang='lat' dir='ltr'>Cadurcorum,</span> <span class='ocrx_word' id='word_1_298' title='bbox 682 3701 728 3752; x_wconf 82' lang='lat' dir='ltr'>luit</span> <span class='ocrx_word' id='word_1_299' title='bbox 744 3699 838 3752; x_wconf 87' lang='lat' dir='ltr'>ordinis</span> <span class='ocrx_word' id='word_1_300' title='bbox 852 3700 877 3751; x_wconf 87' lang='lat' dir='ltr'>S.</span> <span class='ocrx_word' id='word_1_301' title='bbox 896 3699 1025 3751; x_wconf 87' lang='lat' dir='ltr'>Benedicti</span> <span class='ocrx_word' id='word_1_302' title='bbox 1043 3715 1139 3750; x_wconf 88' lang='lat' dir='ltr'>coeno·</span> 
     </span>
     <span class='ocr_line' id='line_1_37' title="bbox 171 3768 1136 3834; baseline -0.001 -13"><span class='ocrx_word' id='word_1_303' title='bbox 171 3769 255 3832; x_wconf 87' lang='lat' dir='ltr'>bium,</span> <span class='ocrx_word' id='word_1_304' title='bbox 281 3771 387 3822; x_wconf 84' lang='lat' dir='ltr'>Nostrae</span> <span class='ocrx_word' id='word_1_305' title='bbox 404 3770 524 3822; x_wconf 87' lang='lat' dir='ltr'>Dominae</span> <span class='ocrx_word' id='word_1_306' title='bbox 543 3770 692 3822; x_wconf 82' lang='lat' dir='ltr'>dedicatum.</span> <span class='ocrx_word' id='word_1_307' title='bbox 718 3769 790 3823; x_wconf 77' lang='lat' dir='ltr'>eous.</span> <span class='ocrx_word' id='word_1_308' title='bbox 809 3770 872 3822; x_wconf 81' lang='lat' dir='ltr'>infra</span> <span class='ocrx_word' id='word_1_309' title='bbox 891 3769 949 3834; x_wconf 83' lang='lat' dir='ltr'>vti,</span> <span class='ocrx_word' id='word_1_310' title='bbox 972 3769 1015 3821; x_wconf 80' lang='lat'>24.</span> <span class='ocrx_word' id='word_1_311' title='bbox 1041 3768 1091 3820; x_wconf 80' lang='lat' dir='ltr'>vir.</span> <span class='ocrx_word' id='word_1_312' title='bbox 1110 3769 1136 3821; x_wconf 90' lang='lat' dir='ltr'>S.</span> 
     </span>
    </p>
   </div>
   <div class='ocr_carea' id='block_1_10' title="bbox 169 3839 481 3909">
    <p class='ocr_par' dir='ltr' id='par_1_10' title="bbox 169 3839 481 3909">
     <span class='ocr_line' id='line_1_38' title="bbox 169 3839 481 3909; baseline -0.01 -15"><span class='ocrx_word' id='word_1_313' title='bbox 169 3839 277 3909; x_wconf 74' lang='lat' dir='ltr'>Engelb.</span> <span class='ocrx_word' id='word_1_314' title='bbox 295 3841 315 3906; x_wconf 93' lang='lat' dir='ltr'>l,</span> <span class='ocrx_word' id='word_1_315' title='bbox 335 3840 359 3892; x_wconf 85' lang='lat'>9.</span> <span class='ocrx_word' id='word_1_316' title='bbox 378 3856 403 3908; x_wconf 91' lang='lat' dir='ltr'>p.</span> <span class='ocrx_word' id='word_1_317' title='bbox 421 3840 481 3894; x_wconf 79' lang='lat'><strong>304.</strong></span> 
     </span>
    </p>
   </div>
   <div class='ocr_carea' id='block_1_11' title="bbox 0 0 1234 4162">
    <p class='ocr_par' dir='ltr' id='par_1_11' title="bbox 0 0 1234 4162">
     <span class='ocr_line' id='line_1_39' title="bbox 0 0 1234 4162; baseline 0 1"><span class='ocrx_word' id='word_1_318' title='bbox 0 0 1234 4162; x_wconf 95' lang='lat' dir='ltr'> </span> 
     </span>
    </p>
   </div>
  </div>
 </body>
</html>
