2438 4170
115 242 117 247 '
194 234 212 289 ⁸2
603 229 823 293 PROLOGUS.

192 353 300 428 silium,
334 351 437 428 quibus
465 352 658 412 contradicere
690 353 798 412 licitum
825 370 883 413 non
905 358 956 413 est.
1007 352 1123 414 Memor
1143 355 1219 414 611..

192 458 355 537 praedictae
390 458 547 516 sententiae
569 457 741 532 salvatoris,
774 458 835 517 aliis
864 476 954 534 panes
982 460 1109 536 integros
1138 461 1213 519 turb'

191 563 394 640 frangentibus,
414 561 444 619 id
466 568 516 635 est,
538 561 625 620 sortes
650 564 853 636 scripturarum
876 565 1058 638 quaestiones
1081 580 1213 639 exponen

191 669 276 741 tibus,
297 669 357 724 sivo
381 664 581 723 excellentiora
601 665 730 724 moderni
752 668 886 741 temporis
908 672 973 724 acta
995 668 1209 727 scribentibus·

193 790 245 850 ego
275 773 363 829 micas
394 769 556 829 decidentes
585 769 737 846 colligens,
763 777 880 846 propter
899 773 1015 846 inopes,
1047 789 1106 831 uon
1127 775 1212 848 grati

190 877 242 937 sed
262 876 423 948 literatura,
445 873 595 932 duodecim
618 890 653 932 ex
676 876 716 932 eis
738 874 888 948 sportellas
916 874 1041 950 implevi.
1093 876 1219 935 161116..

192 983 267 1041 enim
280 979 505 1037 distinctionibus
522 995 605 1036 omne
618 975 639 1057 ²)
663 994 734 1052 opus
757 977 847 1036 divisi.
889 978 987 1036 Prima
1009 979 1152 1038 distinctio
1168 982 1216 1057 agi

191 1085 228 1143 (16
250 1085 443 1156 conversione,
465 1083 592 1141 secunda
614 1081 649 1151 de
673 1085 853 1156 contritione,
875 1085 958 1141 tertia
980 1082 1015 1141 de
1037 1082 1216 1143 confessione

192 1195 294 1263 quarta
315 1186 350 1245 de
372 1189 536 1259 tentatione,
559 1188 657 1261 quinta
679 1185 715 1245 de
738 1186 939 1260 daemonibus,
961 1191 1044 1244 sexta
1066 1185 1103 1244 de
1123 1188 1201 1245 virtu

191 1293 394 1368 simplicitatis,
416 1293 539 1366 septima
561 1290 705 1349 debeata
725 1291 835 1366 virgine
856 1289 964 1364 Maria,
997 1296 1103 1349 octava
1125 1289 1161 1349 de
1184 1289 1213 1349 di

191 1399 280 1455 versis
301 1396 471 1468 visionibus,
504 1411 580 1452 nona
607 1393 643 1453 de
672 1401 850 1454 sacramento
880 1396 1003 1470 corporis
1031 1400 1061 1452 61
1082 1412 1134 1452 san
1176 1395 1213 1447 '‘11

192 1500 305 1574 Christi,
327 1500 437 1558 decima
460 1498 495 1557 de
516 1498 672 1572 miraculis,
694 1499 845 1557 undecima
867 1498 903 1557 de
924 1499 1126 1573 morientibus,
1154 1497 1212 1558 duo

192 1603 302 1663 decima
325 1603 360 1662 de
381 1621 476 1679 poena
498 1609 526 1662 et
540 1599 561 1682 ³)
583 1603 673 1678 gloria
694 1609 880 1662 mortuorum.
928 1601 968 1661 Ut
989 1609 1087 1660 autem
1110 1619 1206 1678 comp·

190 1710 295 1767 tentius
317 1707 448 1783 exempla
477 1707 653 1781 ordinarem,
673 1724 752 1766 more
775 1706 880 1783 dialogi
903 1706 974 1765 duas
995 1705 1140 1764 introduxi
1160 1723 1213 1781 per

192 1830 294 1888 sonas,
322 1814 427 1872 novicii
448 1811 581 1871 videlicet
601 1814 799 1889 interrogantis
821 1818 850 1871 et
862 1810 996 1870 monachi
1015 1810 1216 1886 respondentis

190 1920 257 1992 quia
279 1917 347 1975 dum
369 1916 499 1974 dictantis
510 1913 531 1995 ⁴)
555 1933 660 1974 nomen
681 1919 786 1992 pagina
803 1917 960 1991 supprimit,
982 1914 1157 1973 detrahentis
1170 1914 1212 1973 lin

189 2038 248 2096 gua
269 2023 352 2078 citius
375 2019 470 2078 deficit
493 2026 521 2078 ct
543 2023 653 2079 arescit.
696 2020 834 2080 Attamen
861 2022 909 2095 qui
937 2036 1042 2077 nomen
1071 2020 1133 2077 6166
1155 2019 1219 2078 scir

189 2124 340 2198 desiderat,
359 2126 452 2198 prima
467 2122 678 2182 distinctionum
693 2124 834 2182 elementa
849 2125 1013 2199 compingat
1026 2118 1055 2201 ⁵).
1098 2121 1134 2180 Pl
1186 2146 1219 2174 ιιι

190 2231 274 2288 otiam
294 2229 400 2286 inserui
411 2225 432 2307 ε)
455 2245 529 2302 quae
551 2234 631 2286 extra
652 2227 779 2287 ordinem
803 2230 997 2304 contigerunt,
1020 2243 1054 2286 eo
1078 2225 1156 2302 quod
1178 2243 1210 2285 66

189 2339 253 2392 6661
274 2332 475 2406 aedificatoria,
498 2338 527 2390 61
547 2349 566 2390 6
587 2334 654 2390 viris
676 2333 823 2409 religiosis,
844 2335 917 2390 sicut
940 2337 968 2389 et
982 2330 1093 2406 reliqua
1105 2327 1134 2411 ³),
1156 2331 1216 2389 mih

188 2440 314 2496 recitata.
358 2437 451 2495 Testis
475 2442 518 2495 661
539 2436 609 2495 milri
629 2436 786 2511 Dominus,
818 2453 872 2495 nec
894 2453 983 2494 unum
1005 2434 1121 2511 quidem
1144 2438 1209 2510 capi

189 2540 279 2600 tulum
300 2544 331 2599 in
352 2541 407 2600 hoc
420 2540 546 2616 Dialogo
568 2557 615 2599 me
637 2540 760 2599 finxisse.
804 2539 889 2616 Quod
911 2542 934 2598 61
949 2540 1045 2614 aliqua
1058 2538 1131 2598 sorte
1145 2539 1211 2598 alite

190 2651 256 2704 sunt
277 2651 368 2722 gesta,
391 2662 478 2721 quam
492 2663 568 2704 ame
590 2648 703 2721 scripta,
724 2648 816 2722 magis
838 2644 1006 2703 hisvidetur
1026 2642 1175 2718 imputand
1203 2667 1218 2695 u

190 2767 252 2809 6666
263 2747 294 2829 ⁸),
316 2751 452 2824 aquibus
466 2749 536 2807 mihi
547 2756 614 2808 sunt
635 2749 726 2808 relata
736 2746 767 2829 ⁹).
790 2749 847 2808 'Et
869 2752 937 2824 quia
949 2750 1123 2808 continentia
1138 2747 1190 2806 hui
1214 2772 1219 2799 :

191 2853 308 2930 Dialogi
329 2857 397 2913 satis
408 2855 579 2913 miraculosa
601 2860 653 2929 est,
673 2871 778 2912 nomen
800 2855 825 2912 ei
838 2853 952 2911 indatur
964 2850 992 2932 ¹0)
1014 2851 1207 2928 DialogusMi

190 2959 361 3019 raculorum.
403 2958 457 3017 Est
486 2965 515 3017 et
536 2961 607 3018 ratio
630 2975 718 3032 quaro
741 2958 934 3017 distinctiones
956 2959 996 3017 sic
1017 2958 1074 3015 sint
1088 2953 1117 3036 ¹¹)
1145 2956 1206 3016 ordi

205 3161 235 3230 1)
253 3160 331 3214 verba
354 3161 477 3213 sive-
502 3159 730 3213 scribentibus
755 3175 796 3211 orn
814 3159 844 3211 Ι).
863 3190 894 3199 -
914 3160 946 3228 2)
964 3158 984 3211 G
1001 3167 1114 3211 totum.
1134 3189 1165 3198 -
1190 3159 1206 3212 3

254 3247 297 3300 Bc
314 3246 382 3308 vel,
399 3247 420 3299 l)
438 3263 497 3298 nec
514 3262 578 3299 non
595 3255 634 3298 61.
653 3276 684 3286 -
710 3247 742 3315 4)
766 3246 927 3298 dictantis
954 3245 1048 3298 dictum
1071 3261 1118 3313 pro
1142 3247 1207 3297 scri

253 3335 380 3400 hantis,
397 3337 548 3387 auctoris.
567 3364 598 3373 -
618 3333 649 3402 5)
668 3335 762 3401 primae
780 3332 868 3385 literae
885 3332 1018 3385 duodecim
1035 3333 1195 3385 distinctionu

254 3423 402 3475 coniunctae
423 3429 615 3490 repraesentant
631 3420 681 3472 hoc
698 3420 825 3475 crisanti
842 3419 958 3473 nudus.
978 3450 1009 3460 -
1033 3420 1064 3488 6)
1083 3420 1104 3474 G
1120 3423 1207 3471 16166

255 3511 353 3563 66661.
365 3510 439 3579 -7)
456 3509 478 3563 0
494 3517 615 3561 661666.
626 3536 665 3571 -,
676 3507 709 3575 8)
726 3507 747 3559 B
764 3509 864 3576 magis
881 3506 1014 3560 videtur
1031 3523 1104 3561 esse
1122 3508 1206 3575 impu

253 3595 400 3661 tandum,
424 3596 447 3651 1)
472 3597 577 3667 magio
603 3592 737 3649 videtur
767 3594 818 3647 his
843 3594 1119 3663 1666166166.-
1143 3595 1175 3663 9)
1208 3600 1219 3639 ²⁴

252 3685 408 3745 66611616,
420 3682 515 3755 -10)
531 3680 553 3737 B
569 3696 685 3737 nomon
702 3690 753 3737 661
770 3681 912 3737 inditum
928 3684 967 3735 ei.
981 3712 1014 3723 -
1035 3681 1211 3751 11116666
