2460 4162
410 213 465 274 ΒΕ
487 211 772 275 CONVERSI⁰NR
1063 217 1103 275 at

67 335 180 395 diceret
207 336 246 394 ei:
278 335 331 394 Vis
359 322 428 395 mihi
454 335 547 396 faeere
576 337 732 396 hominium
751 333 783 417 ¹),
816 342 845 396 et
873 353 927 414 ego
954 338 1006 396 tibi
1028 335 1105 398 dabo

67 423 221 483 sciendam
243 424 369 481 omnium
389 423 534 483 literarum
545 420 587 503 ²)‘l
630 423 760 483 Audiens
782 423 853 483 haec
874 427 993 499 iuvenis,
1015 441 1106 500 expa-

69 512 129 583 vit,
163 514 192 568 et
225 507 339 568 diabolo
370 510 440 569 talia
471 513 633 586 suggerenti
653 511 814 586 respondit:
846 511 919 570 Redi
946 518 1014 586 post
1044 528 1106 588 me,

68 595 204 669 Satanas,
226 597 294 670 quia
313 614 460 671 nunquam
482 600 537 656 eris
559 597 689 657 dominus
710 615 806 672 meus,
827 615 920 674 neque
943 615 997 674 ego
1018 598 1106 658 homo

69 690 149 743 tuus
191 681 316 742 Etcum
337 687 443 743 elnon
464 687 670 759 acquiesceret,
702 703 819 743 manum
839 685 914 744 illius
937 687 1019 760 quasi
1039 688 1106 746 vio-

67 769 164 829 lenter
184 771 313 846 aperuit,
334 769 515 846 lapidemque
537 774 685 846 imponens
707 770 789 829 dixit:
823 771 966 847 Quamdiu
988 772 1106 832 conclu-

69 873 139 916 sum
152 851 174 936 8)
196 858 320 916 tenueris
340 857 465 932 lapidem
486 860 572 916 istum
592 860 622 916 in
642 876 730 916 manu
750 865 809 934 tua,
830 861 901 918 scies
913 861 1016 918 omnia
1044 859 1106 935 Rq-

69 943 193 1004 oedentc
212 945 335 1018 inimico,
356 947 466 1002 iuvenis
488 947 620 1019 surrexit,
641 945 754 1004 scholas
775 948 904 1020 intravit,
927 949 1106 1021 quaestiones

69 1031 229 1109 proposuit,
251 1046 407 1105 omnesque
430 1031 599 1105 disputando
622 1035 774 1107 superavit.
804 1031 902 1090 Mirati
918 1039 985 1091 sunt
999 1051 1107 1108 omncs,

70 1116 151 1176 unde
171 1116 277 1176 idiotae
298 1123 379 1176 tanta
400 1120 518 1177 scientia
530 1114 562 1197 ²),
583 1124 664 1177 tanta
683 1119 824 1194 facundia,
845 1121 957 1178 novitas
979 1126 1039 1180 tam
1059 1123 1106 1179 in-

69 1205 189 1263 usitata
230 1203 284 1263 Ille
304 1221 374 1263 vero
395 1208 542 1280 negotium
563 1204 685 1264 celatum
706 1206 814 1280 habuit,
835 1223 888 1265 neo
906 1207 990 1266 alicui
1011 1207 1108 1267 homi-

70 1308 145 1350 num
166 1307 282 1349 eausam
303 1297 399 1350 tantae
421 1293 556 1350 scientiae
586 1309 726 1368 exponere
753 1293 851 1352 voluit.
893 1293 958 1353 Non
986 1291 1106 1374 multo⁵)

70 1383 141 1454 post
159 1375 296 1436 infirmari
317 1380 410 1454 eoepit
430 1377 582 1453 usquead
602 1390 737 1455 mortem,
759 1386 879 1439 vocatus
901 1388 945 1439 est
964 1381 1108 1456 sacerdos,

71 1466 124 1541 qui
147 1466 207 1522 eius
228 1463 339 1523 audiret
360 1465 574 1525 consessionem.
618 1465 674 1541 Qui
695 1469 767 1525 inter
789 1473 883 1526 cetera
894 1470 980 1526 ctiam
992 1462 1013 1547 ε)
1036 1485 1107 1528 eou-

70 1551 166 1611 fessus
189 1557 240 1626 est,
261 1551 405 1626 quomodo
427 1565 446 1610 a
468 1551 581 1611 diabolo
603 1555 756 1628 recepisset
776 1553 908 1628 lapidem,
930 1562 959 1612 et
980 1573 1046 1614 cum
1061 1554 1107 1615 la-

70 1636 141 1714 pide
162 1639 317 1696 seientiam.
360 1637 520 1714 Respondit
540 1639 686 1698 sacerdos:
710 1640 836 1714 Proiice,
857 1643 942 1699 miser
956 1638 994 1721 ²),
1017 1649 1107 1701 artem

71 1723 196 1800 diaboli,
217 1741 253 1782 ne
275 1741 375 1800 expers
397 1725 450 1784 fias
472 1729 606 1785 scientiae
627 1725 692 1785 Dei.
734 1726 860 1785 Territus
881 1727 941 1800 ille,
968 1728 1108 1804 lapidem,

72 1828 162 1887 quem
184 1809 278 1871 adhuc
299 1829 387 1869 mauu
408 1813 525 1870 tenebat
539 1809 570 1891 ⁸),
591 1814 716 1888 proiecit,
738 1818 767 1872 et
788 1831 854 1872 oum
874 1814 967 1889 lapide
978 1815 1107 1874 fallacem

72 1899 225 1958 scientiam
247 1897 385 1973 deposuit.
429 1898 504 1974 Quid
524 1897 629 1975 plura?
671 1898 830 1959 Defunctus
853 1908 895 1958 est
916 1901 1052 1975 clericus,
1080 1909 1108 1962 et

73 2002 181 2060 eorpus
204 1986 263 2043 eius
285 1988 410 2060 positum
431 1988 459 2043 in
481 1985 609 2061 eeclesia,
631 1986 765 2046 ordinatis
787 1988 1007 2047 circaseretmm
1020 1989 1108 2048 scho-

72 2071 183 2131 laribus
199 2067 239 2150 ⁹),
261 2074 311 2146 qui
331 2089 410 2131 more
428 2071 587 2132 Christiano
608 2073 734 2148 psalmos
756 2074 947 2133 decantarent.
978 2075 1108 2135 Daemo-

72 2176 127 2219 nes
149 2159 274 2217 animam
295 2158 426 2218 tollentes
448 2166 477 2219 et
498 2159 536 2218 ad
556 2159 662 2218 vallem
681 2155 858 2236 profundam,
880 2162 1040 2236 terribilem,
1061 2164 1108 2221 f-

71 2261 214 2321 mumque
234 2244 420 2320 sulphureum
435 2243 464 2326 ιο)
481 2252 702 2325 evaporantem,
722 2247 799 2306 illam
818 2255 971 2323 portantes,
993 2250 1109 2309 ordina·

71 2333 148 2392 bant
168 2348 201 2390 se
222 2348 258 2391 ex
278 2339 399 2407 utraque
420 2340 501 2408 parte
514 2332 612 2410 vallis:
635 2340 665 2393 et
677 2337 725 2409 qui
739 2335 854 2393 stabant
867 2353 902 2395 ex
912 2353 970 2395 uua
983 2333 1110 2415 parte¹¹),

71 2421 203 2481 animam
222 2420 356 2498 miseram
377 2419 415 2478 ad
435 2419 645 2479 similitudinem
667 2420 725 2479 ludi
746 2421 821 2496 pilae
839 2423 1038 2499 proficiebant,
1061 2423 1110 2482 alii

71 2511 201 2582 exparte
208 2504 297 2565 altera
308 2503 335 2585 ¹²)
342 2522 393 2581 per
399 2523 467 2566 aera
473 2506 617 2567 volantem
627 2509 967 2583 manibussuseipiebant.
981 2509 1110 2586 Quorum

71 2608 189 2670 ungues
199 2594 239 2650 ita
250 2599 330 2652 erant
339 2596 501 2667 acutissimi,
510 2601 543 2651 ut
553 2611 622 2652 acus
633 2591 821 2675 exacuatas¹³)
833 2612 972 2670 omneque
987 2614 1109 2656 acumen

69 2680 140 2741 terri
150 2679 407 2756 incomparabiliter
419 2687 593 2755 superarent.
618 2680 762 2756 Aquibus
772 2685 811 2739 ita
821 2684 1016 2757 torquebatur,
1036 2685 1110 2743 sicut

71 2774 178 2844 postea
200 2765 320 2840 dicebat,
343 2783 408 2825 eum
429 2784 495 2825 eum
516 2770 655 2827 iactarent
674 2769 722 2828 vel
745 2770 913 2843 exciperent,
934 2776 966 2828 ut
987 2770 1027 2828 illi
1047 2775 1108 2828 tor-

70 2860 174 2913 mento
184 2852 294 2911 nullum
302 2871 393 2929 genus
405 2860 609 2914 tormentorum
615 2851 642 2933 14)
653 2862 751 2930 posset
761 2858 946 2931 aequiparari.
974 2856 1109 2917 Miserius

69 2940 151 3001 illius
171 2938 322 3014 Dominus,
343 2942 419 2998 misit
439 2943 534 2999 neseio
557 2959 644 3016 quam
666 2941 818 3001 coelestem
836 2960 996 3018 personam,
1016 2946 1109 3004 sirum

69 3043 201 3106 magnae
221 3029 405 3102 reverentiae,
427 3029 476 3103 qui
497 3027 683 3088 daemonibus
701 3028 757 3089 tale
771 3032 905 3089 nuncium
916 3028 1108 3111 deserebat¹⁵):

87 3302 122 3370 ¹³
143 3298 400 3422 titurius
418 3299 1108 3440 t::eicianturustuanti>

341 3407 349 3432 ‚
369 3399 400 3409 -
813 3403 861 3423 1-
1101 3412 1107 3426 t

143 3440 161 3491 6
196 3438 240 3490 bu
265 3441 318 3507 qui
344 3440 441 3491 etiam
467 3442 554 3491 inter
580 3450 699 3493 cetera.
720 3472 750 3480 -
779 3442 811 3509 7)
828 3442 922 3493 miser
948 3459 988 3495 orn
1006 3442 1055 3496 BG.
1075 3473 1106 3483 -

144 3509 163 3561 8
197 3506 266 3560 Bin
293 3524 384 3561 manu
410 3508 706 3573 toletanorum
724 3510 865 3579 gerebat.
886 3541 916 3550 -
935 3512 1108 3581 9)Gordi·

143 3579 214 3631 nati
239 3588 315 3630 sont
341 3580 427 3630 eirca
452 3579 608 3631 teretrum
626 3579 805 3633 scholares.
825 3610 856 3620 -
876 3582 1109 3650 10]csulphu-

143 3662 299 3716 saumque
324 3647 448 3700 ionium.
468 3677 499 3688 -
520 3650 567 3718 11)
585 3648 606 3702 C
622 3650 672 3701 add
689 3649 798 3703 vallis.
818 3679 849 3690 -
878 3651 924 3719 12)
943 3650 962 3703 C
980 3669 1017 3703 ex
1043 3652 1108 3704 alia

142 3725 254 3787 part03
279 3733 338 3773 uror
361 3717 428 3770 idem
446 3734 559 3770 aerem.
579 3749 610 3760 -
639 3720 687 3787 13)
704 3721 740 3771 sic
758 3736 845 3773 omnes
862 3720 918 3772 libri
936 3737 1028 3792 magno
1045 3737 1109 3774 coe·

144 3802 231 3841 mu.
251 3817 282 3829 -
301 3787 350 3858 11)
368 3787 409 3841 ut>
426 3790 589 3842 tormenti.
611 3818 641 3829 -
662 3791 709 3859 15)
727 3789 747 3843 B
764 3789 944 3843 referebat.
