2460 4162
124 236 188 296 ere
369 185 382 332 ι’
440 233 669 297 parmomo
692 233 858 313 oosnva

122 358 237 438 hyeme,
257 356 388 436 regulata
407 359 544 418 ieiunium
566 364 595 418 et
606 356 623 439 ¹)
644 364 760 418 tenuem
782 359 925 436 diaetam,
947 365 1098 436 etqcetera
1118 361 1167 424 his

10 472 13 477 ’
123 441 265 526 similia2).
306 445 342 504 In
363 463 484 521 quorum
506 448 633 505 omnium
655 446 881 507 consideratione
912 448 953 507 ite
972 447 1167 524 pusillanimis

124 533 242 593 effeetus
265 538 316 608 est,
337 538 370 592 ut
392 535 506 592 omnino
530 531 565 592 de
586 536 798 609 perseverantia
819 533 991 609 desperaret.
1033 535 1075 594 Et
1092 535 1166 596 dixit

122 620 206 679 mihi:
238 620 305 680 Non
325 620 464 695 putabam
486 620 613 679 ordinem
634 625 731 680 tantae
753 617 846 700 esse³)
869 621 1057 681 districtionis.
1103 621 1165 683 Us-

124 725 181 783 que
201 706 240 766 ad
261 707 317 766 hoc
338 712 451 782 tempus
473 709 641 781 aestimavi,
674 706 753 782 quod
779 710 881 767 minuti
903 725 1001 768 carnes
1023 707 1164 770 comede·

122 799 194 869 rent,
217 799 245 853 et
267 793 344 869 quod
365 793 498 853 monachi
520 795 580 852 sine
603 794 721 854 cucullis
743 797 801 853 suis
824 794 985 854 dormirent
1027 794 1164 856 Poenitet

122 897 169 940 mc
190 880 249 940 huc
270 882 391 940 venisse.
432 881 615 956 Propositum
636 898 733 940 meum
755 887 807 956 est,
832 888 865 941 ut
885 898 938 956 per
957 885 1164 959 memetipsum

87 1014 89 1018 .
124 973 237 1027 cantem
257 968 287 1025 in
310 966 430 1027 ecclesia
450 984 516 1026 mea
536 969 566 1025 in
587 964 804 1047 Herlisheim⁴),
842 971 922 1028 cuius
943 967 1047 1028 Pastor
1081 987 1164 1045 snm,

123 1071 199 1130 quae
221 1057 290 1113 satis
311 1053 387 1113 male
408 1053 495 1113 modo
516 1053 612 1113 locata
634 1060 691 1130 est3
714 1061 744 1114 et
764 1071 848 1130 spero
869 1072 921 1130 per
941 1055 999 1115 Dei
1018 1058 1162 1132 gratiam,

123 1141 203 1218 quod
222 1141 344 1201 honeste
366 1147 394 1200 et
416 1143 476 1200 sine
498 1139 613 1215 querela
639 1158 737 1218 regere
766 1140 888 1201 debeam
916 1143 946 1200 in
978 1138 1019 1201 ea'
1042 1142 1165 1218 plebem

123 1228 193 1287 mihi
215 1230 405 1287 commissam.
449 1227 502 1286 Oui
522 1227 668 1303 respondi:
691 1228 796 1287 Tentat
784 1231 824 1288 tio
847 1228 952 1288 diaboli
972 1234 1024 1304 est,
1045 1231 1098 1304 qui
1106 1246 1164 1291 vos

123 1315 177 1374 sub
200 1316 295 1390 specie
316 1315 385 1373 boni
406 1315 507 1374 eiicere
529 1320 657 1374 conatur.
700 1315 782 1374 Tunc
804 1317 858 1375 ait:
885 1315 916 1375 Si
936 1314 1015 1374 istud
1034 1333 1097 1375 non
1117 1323 1164 1377 cot

122 1401 240 1476 bonum,
261 1406 388 1460 revertar
409 1401 447 1460 ad
467 1401 662 1476 praebendam
683 1419 786 1477 meam,
812 1405 868 1461 et
860 1421 890 1460 ιιι
911 1403 1022 1462 ambitu
1042 1402 1164 1465 claustri

123 1504 267 1547 cameram
289 1468 428 1563 aliquam
442 1488 512 1546 milri
524 1484 544 1567 ⁵)
568 1487 687 1564 eligam,
716 1490 767 1548 ubi
795 1494 855 1548 tam
883 1490 1019 1549 canonice
1043 1491 1163 1567 vivam,

123 1580 157 1634 ut
178 1574 227 1634 elii
257 1574 386 1650 exemplo
412 1592 478 1634 meo
507 1575 699 1634 aedificentur.
743 1575 869 1635 Chorum
893 1576 1100 1654 frequentabo,
1131 1583 1164 1637 et

15 1680 19 1691 ·
123 1661 259 1738 quiequid
280 1662 350 1719 mihi
378 1661 544 1721 subtrahere
577 1668 694 1738 potero,
725 1663 899 1739 pauperibus
932 1662 1067 1739 erogabo.
1110 1661 1162 1723 Ad

123 1748 203 1823 quod
223 1750 326 1808 iterum
347 1748 497 1825 respondi:
528 1748 568 1807 Et
588 1748 644 1808 hoe
666 1749 814 1808 consilium
836 1749 941 1809 diaboli
963 1755 1014 1808 est.
1056 1747 1092 1810 Si
1111 1767 1162 1810 re-

123 1852 224 1895 versus
245 1835 365 1910 fueritis,
393 1836 524 1894 omnibus
552 1837 628 1895 eritis
658 1835 777 1910 derisui,
810 1842 839 1896 et
860 1838 908 1910 qui
929 1828 1031 1915 heee‘)
1052 1839 1160 1913 suasit,

122 1923 184 1996 ipse
206 1923 235 1979 in
256 1928 377 1996 peccata
397 1925 517 1997 pristina
537 1939 590 1981 vos
612 1923 818 1999 praecipitabit.
860 1922 908 1982 Sic
930 1939 964 1982 eo
985 1922 1160 2000 fluctuante,

124 2024 190 2066 eum
213 2007 257 2066 die
280 2007 404 2083 quadam
426 2024 480 2084 ego
502 2008 540 2068 ad
561 2008 636 2068 latus
658 2012 718 2068 eius
740 2009 885 2084 sederem,
919 2014 947 2067 et
973 2009 1063 2068 verba
1087 2026 1161 2070 eon·

99 2098 103 2103 “
122 2094 269 2153 solationis
290 2095 491 2169 impenderem,
515 2095 643 2154 codicem
656 2095 837 2155 Psalmorum
850 2097 975 2171 arripuit,
996 2098 1117 2172 apertuit,
1130 2103 1162 2156 et

123 2181 176 2240 ait:
208 2180 367 2240 Videamus
389 2181 457 2255 quid
480 2182 515 2240 de
536 2199 583 2240 me
606 2182 707 2241 dicturi
727 2185 784 2241 sint
803 2183 903 2241 fratres
925 2185 989 2257 mei,
1009 2184 1033 2241 si
1054 2199 1158 2242 rever-

122 2284 173 2326 sus
194 2267 283 2326 suero.
325 2266 439 2326 Primus
461 2275 558 2327 autem
578 2269 734 2328 versiculus
757 2271 805 2345 qui
827 2272 957 2343 occurrit,
977 2272 1031 2328 iste
1045 2267 1158 2350 erat¹):

121 2353 289 2412 Advorsum
310 2372 356 2412 nte
377 2353 583 2429 loquebantur,
606 2359 657 2431 qcn‘
678 2356 817 2415 sedebant
836 2360 868 2414 a'n
883 2363 985 2431 porta,
1008 2359 1091 2414 etin
1112 2375 1160 2416 mc

117 2439 301 2515 psallebant,
335 2444 387 2519 qni
416 2440 551 2501 bibebant
576 2438 680 2501 ainans
693 2440 726 2522 ⁸).
780 2443 939 2518 Statimque
969 2442 1159 2502 exclamavit:

122 2527 232 2586 Verum
252 2529 464 2602 praenosticum
471 2524 508 2608 9)ῐ
541 2529 613 2605 Ego,
634 2531 732 2604 inquit,
754 2531 806 2588 tibi
821 2546 961 2605 exponam
976 2529 1160 2605 prophetiam

121 2614 221 2673 istam:
244 2613 276 2674 Si
296 2613 405 2674 rediero
428 2615 466 2674 ad
480 2623 611 2675 sanetum
620 2614 775 2691 Andream,
797 2618 982 2676 concanonici
994 2616 1058 2690 mei,
1081 2633 1159 2692 quo-

121 2703 195 2760 tiens
214 2703 245 2758 'in
266 2704 378 2776 porticu
400 2702 537 2762 eeclesiae
569 2720 639 2762 suae
672 2703 827 2778 sedebunt,
859 2705 913 2778 ipsi
941 2702 1080 2761 adversus
1110 2720 1160 2762 me

120 2785 287 2863 loquentur,
319 2806 366 2848 me
393 2789 566 2864 iudicantes,
599 2796 627 2849 et
649 2789 684 2848 de
706 2790 798 2849 salute
824 2807 890 2849 mea
905 2786 939 2869 ¹⁰),
968 2789 1158 2864 disputantes.

120 2872 261 2933 Noctibus
282 2892 360 2951 vero,
383 2876 497 2950 quando
519 2876 660 2936 sedebunt
681 2877 719 2935 ad
740 2879 843 2953 ignem,
865 2882 894 2935 et
914 2877 1059 2936 vacabunt
1068 2883 1157 2953 pota·

120 2960 262 3036 tionibus,
296 2978 344 3022 ero
377 2962 503 3038 psalmus
533 2981 640 3022 eorum.
682 2961 787 3039 Sicque
818 2963 875 3022 Dei
902 2962 1097 3023 misericordia
1118 2963 1158 3023 ad

120 3053 246 3106 mentem
267 3047 409 3123 reductus,
431 3055 460 3109 et
481 3067 500 3108 a
520 3068 551 3109 se
572 3052 634 3125 ipso
657 3050 840 3125 confortatus,
860 3050 1018 3110 monachus
1036 3049 1159 3111 effectis

121 3140 173 3208 est,
195 3140 223 3191 et
243 3151 302 3192 non
322 3135 412 3194 multo
433 3143 500 3211 post
519 3139 549 3195 in
569 3138 648 3196 bona
662 3139 828 3196 contritione
843 3136 1001 3212 defunctum,
1021 3137 1159 3214 migravit

120 3219 159 3280 ad
179 3219 344 3280 Dominum.

137 3456 169 3525 1)
187 3465 218 3507 et
235 3472 276 3508 om
294 3456 393 3509 Ba-
412 3459 498 3526 2)src
516 3460 647 3513 emendavi
664 3461 784 3513 librorum
802 3462 949 3525 lectionem,
966 3468 1078 3512 cetere
1101 3459 1158 3512 Ιιιι-

189 3525 329 3578 iusmodi
357 3528 484 3580 similia
502 3529 573 3582 Coni.
591 3531 640 3595 lll,
658 3532 751 3584 26.-
721 3532 803 3599 3)
821 3531 954 3583 Βῦειειι
977 3538 1103 3581 tentae.
1123 3559 1155 3570 -

188 3595 221 3677 4)
238 3595 385 3648 Herlisheim
410 3606 449 3648 est
472 3599 647 3666 oppidulum
640 3617 665 3651 ιιι
683 3600 778 3653 Alsatia
796 3601 929 3667 Superiora
951 3615 1032 3667 prope
1055 3598 1158 3651 Colman

189 3666 321 3717 siturra-
291 3667 373 3734 5)
392 3665 432 3718 CD
450 3669 527 3720 nrrhr
545 3669 736 3738 aquuem
756 3671 788 3736 6)
805 3670 847 3722 BD
866 3679 892 3721 et
909 3668 1060 3738 prGhoc
1078 3668 1157 3735 penlo

189 3735 1154 3807 postrpsoeddBG'lJBDeratrsto8)Psa168,13.-

189 3805 221 3873 9)
239 3805 280 3858 Bc
297 3810 538 3874 pronosticum
555 3809 621 3860 coni.
638 3809 671 3874 X,
688 3809 781 3862 24.-
802 3809 851 3878 10)
868 3809 912 3862 ΑΙ)
929 3823 998 3862 mea
1014 3807 1134 3861 saluto.
