2438 4170
110 202 171 308 aon
423 245 650 309 orsnuccmo
674 245 826 326 comus

107 369 272 429 bonnensis.
313 367 470 429 Venientes
499 370 538 429 ad
566 371 711 430 civitatem
738 388 891 448 magnam,
919 387 993 447 quae
1012 369 1117 433 Bidens
1169 411 1175 441 2

107 461 243 530 vocatur,
274 457 303 514 in
333 473 390 530 qua
410 456 476 533 plus
498 474 585 532 quam
607 464 723 517 centum
743 459 833 518 millia
853 458 1001 518 bominum
1027 459 1125 521 fuisse
1154 477 1174 509 ²

109 541 289 617 dicebantur,
317 542 490 602 obsederunt
510 544 596 602 illam.
639 545 675 602 In
697 561 818 619 quorum
839 551 960 620 aspectu
971 541 991 624 ⁸)
1013 544 1175 621 haenrffl

108 647 194 706 super
214 629 351 688 volumen
372 632 446 688 sacri
457 630 607 706 Evangelii
622 633 788 707 mingentes,
810 631 846 690 de
867 649 951 691 muro
970 632 1171 706 illudcontm

109 715 285 776 Christianos
305 717 498 791 proiecerunt,
521 723 549 776 et
562 710 680 793 'sagittis
708 725 775 792 post
794 717 865 777 illud
887 721 981 777 missis
1002 718 1163 786 clamave-

109 809 190 861 runt:
211 803 287 862 Ecce
308 802 356 862 lex
376 809 486 877 vestra,
513 805 616 861 miseri.
659 803 788 863 Christus
808 821 879 864 vero
902 805 1048 882 Evangelii
1066 816 1153 872 sator

106 890 237 948 iniuriam
258 890 313 948 sibi
325 889 434 948 illatam
454 907 512 949 non
526 890 638 964 reliquit
657 891 786 950 inultam.
818 891 895 950 Nam
910 892 1024 967 quidam
1037 894 1146 954 salebi-

107 982 151 1035 tes
172 976 234 1035 uelo
256 975 322 1035 fidei
344 978 470 1051 accensi,
498 977 629 1036 leonibus
650 977 775 1052 similesp
799 978 931 1054 exemplo
952 978 1070 1053 illorum,
1105 981 1138 1040 de

108 1063 211 1138 quibus
227 1062 331 1138 legitur
347 1065 376 1120 in
389 1063 461 1121 libro
476 1063 721 1122 Machabaeorum
731 1060 762 1144 ⁴),
783 1065 868 1123 scalis
882 1067 1027 1140 appositis,
1045 1081 1133 1125 muros

107 1149 245 1225 intrepide
266 1149 468 1225 ascenderunt,
496 1149 704 1224 haereticisque
727 1150 860 1210 divinitus
882 1153 985 1210 territis
1005 1159 1032 1210 et
1050 1150 1127 1210 dccli·

107 1237 255 1309 nantibus,
277 1237 461 1311 sequentibus
482 1243 579 1311 portas
600 1239 768 1312 aperientes,
790 1239 937 1297 civitatem
957 1239 1125 1297 obtinuerunt

113 1322 324 1399 Cognoscentes
339 1339 374 1382 ex
395 1323 618 1382 confessionibus
639 1320 779 1401 illorum⁵)
795 1324 952 1385 catholicos
966 1343 1028 1384 cum
1040 1323 1122 1382 haere·

72 1451 75 1458 ·
110 1411 172 1468 tiois
195 1426 257 1468 esse
278 1411 442 1484 permixtos,
464 1409 594 1468 dixerunt
607 1409 729 1468 Abbati:
753 1410 828 1486 Quid
846 1410 993 1486 iaciemus,
1014 1403 1120 1469 dominc?

95 1496 175 1556 ‘Non
196 1513 348 1570 possumus
370 1495 529 1554 discerncre
549 1498 622 1555 inter
643 1497 735 1555 bonos
758 1503 787 1556 ct
807 1498 909 1556 malos.
952 1498 1059 1556 Timone
1076 1501 1117 1552 ou

110 1581 212 1641 Abbas
234 1600 320 1658 quam
341 1582 456 1657 reliqui,
485 1599 521 1641 ue
550 1589 661 1640 tantum
688 1585 789 1642 timore
817 1587 918 1647 mortis
938 1601 970 1643 se
991 1581 1117 1644 cathoicot

111 1669 289 1743 simularent,
319 1674 348 1727 e't
368 1676 434 1744 post
454 1670 579 1743 ipsorum
592 1664 613 1748 ⁶)
643 1670 794 1728 abcessum
816 1672 920 1729 iterum
942 1671 979 1729 ad
999 1668 1117 1746 perfidiam

83 1755 247 1830 ·redirent,
276 1756 364 1814 lertru
393 1756 513 1814 dixisse:
545 1755 661 1814 Caedite
690 1773 748 1815 eos.
791 1757 880 1816 Novit
909 1760 984 1817 enim
1004 1756 1118 1815 Dominus

87 1845 160 1917 qui
182 1849 249 1902 suut
271 1845 331 1902 eius
344 1838 373 1920 ⁷).
416 1841 520 1916 Sicque
540 1843 762 1901 innumerabiles
784 1845 871 1903 occisi
893 1847 1008 1903 suntin
1028 1844 1119 1903 civitate

110 1929 168 1987 illa.
210 1928 306 1987 Aliam
326 1928 425 1986 itidem
447 1931 591 1987 civitatem
612 1947 761 2004 magnam,
794 1947 865 1990 are
886 1927 1121 1990 Pulchramvalleu

110 2022 257 2089 vocatam,
286 2032 360 2090 quae
382 2017 437 2073 sita
459 2021 502 2073 est
523 2007 601 2074 iusta
622 2015 793 2091 Tholosam,
825 2018 930 2076 virtute
953 2017 1046 2077 divina
1065 2013 1124 2076 obti-

87 2109 240 2171 ,nuerunt
282 2102 316 2159 In
339 2119 397 2176 qua
417 2101 523 2176 populo
547 2103 810 2177 examinato,'cum
831 2121 930 2162 omnes
952 2103 1127 2179 promitterent

110 2206 141 2247 se
162 2189 236 2247 velle
264 2189 355 2247 redire
383 2188 420 2245 ad
449 2187 550 2262 fidem,
580 2188 776 2264 quadringenti
803 2192 1011 2267 quinquaginta
1038 2193 1065 2248 in
1088 2202 1128 2246 sua

109 2277 266 2350 pertinacia
294 2276 419 2333 indurati
447 2291 465 2332 a
494 2275 607 2333 diabolo
629 2282 859 2350 permanserunt,
890 2294 926 2335 ex
948 2280 1050 2352 quibus
1071 2291 1130 2351 qua-

110 2362 250 2438 dringenti
279 2363 418 2420 combusti
447 2367 514 2418 sunt
540 2364 569 2418 in
597 2364 662 2437 igne
674 2359 712 2440 ⁸),
742 2364 828 2421 ceteri
854 2365 991 2438 patibulis
1020 2363 1133 2439 appensi

108 2448 190 2507 Idem
211 2455 373 2507 actumrest
392 2450 421 2504 in
444 2450 544 2505 ceteris
572 2449 734 2506 civitatibus
761 2456 847 2523 atque
870 2451 1010 2526 castellis,
1039 2450 1135 2508 miseris

109 2553 140 2594 se
162 2536 235 2594 ultro
257 2538 339 2593 morti
351 2531 371 2613 ⁸)
393 2535 595 2608 ingerentibus.
638 2535 794 2593 Tholosani
815 2552 883 2594 vero
907 2540 1006 2611 artati,
1035 2553 1138 2596 omnem

108 2625 297 2697 promiserunt
332 2621 565 2694 satisfactionem,
609 2621 660 2678 sed
692 2629 725 2679 ut
751 2629 853 2697 postea
878 2626 987 2698 patuit,
1015 2625 1045 2681 in
1073 2623 1139 2681 dolo.

108 2709 183 2768 Nam
204 2708 328 2784 perfidus
343 2707 445 2766 Comes
468 2710 557 2765 sancti
575 2706 701 2783 Aegidii,
723 2711 854 2784 princeps
884 2716 913 2768 et
946 2715 1034 2784 caput
1055 2710 1140 2767 omui·

108 2815 157 2854 um
186 2796 405 2868 haereticorum,
449 2794 582 2851 omnibus
609 2795 664 2851 sibi
694 2797 724 2852 in
754 2795 878 2854 Concilio
895 2793 924 2875 ¹⁰)
960 2796 1141 2854 Lateranensi

108 2883 285 2956 abiudicatis
306 2881 396 2940 feodis
418 2880 551 2938 videlicet
573 2887 600 2938 et
615 2880 732 2955 allodiis,
755 2883 917 2941 civitatibus
940 2889 969 2941 et
990 2885 1097 2958 castris,
1117 2887 1143 2940 et

109 2987 144 3027 ex
172 2972 296 3027 maxima
324 2975 404 3043 parte
428 2967 534 3025 eisdem
563 2984 581 3023 a
611 2966 720 3025 Comite
749 2968 867 3027 Simone·
895 2970 930 3028 de
957 2969 1141 3041 Fortimonte,

108 3057 169 3113 viro
193 3055 348 3128 catholico,
370 3057 429 3111 iure
451 3053 518 3110 belli
542 3056 701 3127 occupatis,
722 3057 751 3111 in
766 3055 923 3114 Tholosam
945 3073 977 3113 sc
998 3055 1144 3127 transtulit,

109 3141 144 3200 de
167 3160 224 3216 qua
245 3149 345 3215 usque
365 3140 450 3198 hodie
472 3139 570 3197 fideles
592 3157 696 3199 vexare
727 3148 756 3199 et
775 3144 943 3217 impugnare
966 3159 1024 3199 non
1048 3147 1144 3200 cessat

108 3229 145 3286 Et
167 3231 239 3286 sicut
259 3228 316 3286 hoc
337 3244 413 3285 auno
436 3226 566 3284 dominus
590 3226 736 3286 Conradus
751 3228 912 3303 Episcopus
930 3229 1098 3286 Portuensis
1119 3234 1145 3286 et

110 3314 281 3387 Cardiualis,
306 3321 404 3372 contra
425 3311 577 3370 Albicnses
599 3316 701 3371 missus
723 3314 850 3390 legatus,
880 3317 994 3389 scripsit
1017 3313 1145 3389 Capitulo

109 3400 295 3475 Cistcrcieusi,
319 3400 435 3474 quidam
450 3417 485 3458 ex
498 3401 661 3473 potentibus
676 3401 858 3461 Tholosauae
874 3405 997 3460 civitatis
1013 3400 1145 3476 quiddam

131 3604 160 3672 l)
179 3603 306 3664 Biterrae,
332 3600 406 3652 hodic
425 3600 534 3650 Bezicrs.
554 3632 585 3639 -
610 3603 679 3670 2)0
703 3620 783 3655 esse.
807 3635 838 3642 -
864 3604 933 3672 3)c
960 3610 1143 3669 conspectu.

178 3704 208 3713 -
237 3670 622 3741 ljllachab.ll,1l,lt.—
648 3673 678 3739 5]
698 3673 738 3726 BC
763 3689 880 3724 eorum.
902 3703 932 3712 —
958 3675 989 3741 6)
1008 3673 1048 3723 ΒΡ
1073 3671 1144 3722 illo·

175 3760 256 3807 rum,
273 3742 293 3795 C
311 3748 513 3814 corum—37]
526 3744 586 3796 Tim.
605 3743 635 3803 ll,
652 3744 677 3805 2,
690 3743 730 3793 19.
746 3772 775 3781 -
788 3743 819 3811 8)
835 3743 876 3795 BC
895 3744 970 3810 igne
988 3736 1143 3792 combusti

171 3823 261 3881 orant,
280 3815 374 3867 omisso
393 3812 432 3866 in.
451 3846 482 3855 -
501 3817 534 3885 9)
554 3813 613 3865 ab?
631 3813 802 3864 mortibus.
820 3842 850 3852 -
871 3812 918 3880 10)
936 3812 979 3863 BD
997 3809 1143 3863 coneilio.
