2438 4170
382 170 385 175 .
436 113 491 174 rm
513 111 783 176 Druncianus.
990 66 999 78 ’
1063 118 1125 174 aaa

52 190 60 207 ι
103 206 351 314 lluprospexiseet.
393 235 571 297 structuram
591 237 670 296 urbis
683 237 804 312 Romae,
826 240 948 296 necnon
963 242 992 296 et
1003 235 1126 312 effigiem
1180 237 1182 243 '

108 316 200 385 domini
219 324 378 384 Innocentii
397 330 465 383 tunc
486 316 595 399 Papae,
615 322 806 382 Cardinalium
828 329 857 382 et
878 323 1076 397 ecclesiarum,
1098 328 1127 382 et

105 390 277 488 inpartibul
304 410 570 486 Hierosolymitanis
597 410 718 469 formam
743 409 899 486 Sephadini
930 416 959 469 et
987 412 1126 469 exercitus

105 499 165 575 eius,
190 497 318 559 similiter
337 503 464 571 montes,
494 497 626 571 flumina,
655 503 750 557 eastra
773 499 963 572 universaque
989 496 1053 556 loca
1075 513 1127 571 per

102 601 170 660 quae
197 586 360 659 transierat,
392 590 451 642 tam
471 585 584 658 proprie
608 586 638 641 in
659 586 717 643 suis
738 583 834 643 lormis
856 590 943 660 atque
964 584 1126 642 nominibus

100 672 241 748 expressit,
261 677 294 730 ut
315 670 345 729 hi
363 673 413 746 qni
434 670 524 729 oculis
546 673 686 745 corporeis
707 669 756 730 illa
776 671 914 745 viderent,
936 669 1005 745 quid
1016 667 1032 749 ¹)
1055 687 1126 729 eon-

94 757 279 833 tradicerent,
308 774 366 816 non
392 759 557 816 invenirent.
598 757 715 817 Interim
743 759 864 817 rusticus
894 775 959 817 enm
984 758 1126 816 mercibus

93 847 153 905 suis
175 845 211 904 de
223 843 400 903 Lombardia
414 843 504 918 rediit,
527 850 555 903 et
576 846 644 919 quia
664 844 744 901 illum
765 844 871 902 ibidem
892 842 1018 918 vidisset,
1039 850 1126 919 atque

86 948 144 1008 per
160 933 222 992 eius
241 930 383 991 cautelam
403 930 545 990 latronum
565 929 724 1006 perieulum
746 932 891 1005 evasisset,
913 948 1009 989 coram
1030 930 1127 988 multis

87 1017 260 1078 testificatus
283 1024 334 1077 est.
375 1016 577 1077 NOVICIUS:
606 1015 715 1076 Audivi
736 1016 814 1091 quod
835 1016 950 1092 quidam
973 1017 1126 1076 daemones

87 1103 158 1165 talis
177 1111 297 1164 naturae
318 1105 391 1179 sint,
411 1111 443 1163 ut
464 1105 537 1163 bene
559 1122 578 1164 a
598 1121 629 1163 se
652 1104 784 1163 obsessos
805 1109 965 1179 torqueant,
986 1103 1037 1162 scd
1059 1120 1126 1163 eos-

88 1191 160 1252 dem
182 1189 362 1252 criminaliter
382 1208 501 1266 peecare
522 1208 580 1249 non
601 1193 703 1250 sinant.
745 1188 980 1251 MONAOHUSr
1002 1190 1048 1249 De
1069 1191 1125 1249 boc

87 1280 164 1339 satis
184 1278 300 1339 evidens
320 1277 464 1338 audivisse
485 1295 531 1338 me
552 1277 685 1338 recordor
707 1278 876 1354 exemplum.

386 1467 618 1528 CAPITULUM
645 1468 825 1528 XXXVHI.

91 1591 141 1651 De
163 1590 319 1664 demerem
348 1594 400 1667 qui
428 1607 489 1650 neo
506 1594 641 1666 permisit
662 1590 808 1648 bominem
830 1608 850 1648 a
871 1607 901 1648 ee
923 1589 1068 1648 obsessum
1091 1592 1125 1648 de

287 1680 398 1754 rapiere
418 1681 450 1736 in
471 1680 577 1753 quinta
598 1679 787 1753 praecatione
807 1682 936 1752 pentura

157 1815 250 1876 Dives
263 1815 379 1891 quidam
393 1817 447 1875 sub
460 1822 529 1892 typo
548 1815 747 1891 eleemosynae
767 1814 941 1890 pauperibus
963 1808 1126 1874 convivium

85 1902 168 1963 decit
209 1903 288 1963 Inter
301 1919 374 1979 quos
389 1921 454 1963 eum
470 1902 586 1979 quidam
608 1904 741 1962 obsessus
765 1908 847 1976 esset,
869 1907 898 1960 et
920 1903 1020 1961 ceteris
1041 1920 1125 1961 man-

95 1988 281 2066 ducantibus,
309 2007 406 2050 earnes
429 1987 570 2070 quidem²)
593 1992 635 2049 ori
656 1989 826 2065 applicaret,
847 1988 899 2047 sed
920 1987 1027 2047 eisdem
1048 1993 1126 2049 vesei

94 2092 152 2138 non
172 2083 279 2153 posset,
300 2094 335 2135 ex
356 2079 604 2137 circumstantibus
625 2076 680 2135 hoc
702 2076 831 2135 videntes
852 2075 994 2134 dixerunt:
1016 2075 1126 2151 Inique,

95 2180 146 2223 eur
171 2180 231 2223 non
255 2158 333 2224 sinis
354 2164 498 2224 hominem
525 2163 719 2223 manducare?
750 2162 860 2238 Quibus
887 2161 935 2222 ille
966 2158 1138 2238 respondit:'

93 2248 168 2310 Nolo
179 2256 212 2309 ut
222 2257 330 2326 peccet,
345 2267 379 2310 eo
391 2251 468 2326 quod
479 2249 770 2328 eleemosyna-istade
780 2250 881 2325 rapina
891 2251 935 2308 sit.
955 2249 1125 2310 Dicentibus

95 2338 150 2397 eis:
167 2335 306 2412 Mentiris,
320 2340 387 2414 quia
400 2341 424 2396 is
441 2340 490 2414 qui
502 2338 569 2398 lecit
589 2355 662 2412 eam,
675 2338 762 2397 homo
776 2338 869 2396 bonus
884 2343 943 2411 est3
963 2337 1124 2412 respondit:

93 2423 283 2500 Nequaquam
304 2427 432 2484 mentior.
481 2425 596 2484 Vitulus
615 2426 668 2484 iste
694 2427 743 2500 qui
768 2425 797 2481 in
825 2421 993 2502 pauperes³)
1017 2423 1125 2499 diuisus

93 2516 146 2586 est,
166 2513 195 2569 in
218 2514 316 2587 quinta
329 2513 510 2587 generatione
523 2513 575 2570 luit
588 2513 625 2570 ab
648 2510 697 2570 illa
717 2527 816 2585 vacca,
838 2527 912 2584 quae
933 2526 984 2584 per
997 2512 1125 2585 rapinam

92 2596 262 2657 habebatur.
282 2674 285 2679 r
304 2598 343 2657 Et
370 2600 438 2657 satis
470 2600 562 2656 mirati
590 2603 656 2656 sunt
684 2599 732 2672 qui
753 2595 880 2655 aderant.
922 2594 1123 2656 NOVIOIUS:

85 2682 124 2745 'Si
153 2683 306 2744 daemones
335 2687 463 2761 quintam
489 2687 701 2761 generationem
729 2683 855 2742 iudicent
882 2684 1026 2757 rapinam,
1053 2690 1124 2758 puto

93 2773 161 2847 quia
182 2771 303 2829 multum
323 2773 425 2831 acriter
444 2773 473 2830 in
494 2773 594 2847 poenis
615 2768 801 2830 vindicabunt
820 2771 949 2845 primam.
992 2767 1125 2829 ΜΟΝΑ-

93 2856 212 2918 cHUs:
240 2857 287 2918 De
315 2857 371 2918 hoc
402 2876 460 2919 non
489 2858 610 2917 dubites.
653 2856 814 2916 Recordare
842 2872 950 2915 vaceae
971 2855 1053 2931 illius,
1073 2875 1124 2932 per

92 2961 180 3020 quam
202 2947 280 3004 etin
302 2962 360 3021 qua
374 2947 490 3021 punitus
512 2952 555 3004 est
576 2942 676 3004 Helias
697 2942 787 3016 miles,
809 2945 882 3002 sicut
903 2941 1010 3001 dictum
1032 2952 1074 3002 est
1095 2946 1124 3003 in
1197 2950 1200 2954 ’

92 3032 272 3092 distinctione
293 3031 420 3092 secunda
441 3032 565 3107 capitulo
587 3033 717 3106 septimo.
738 3031 869 3089 Revocat
889 3029 959 3087 mihi
980 3032 1065 3089 etiam
1087 3033 1125 3090 ad

91 3121 259 3179 memoriam
294 3135 386 3179 vacca
418 3118 490 3179 haec
519 3119 640 3178 verbum
669 3119 805 3176 obsessae
835 3115 961 3175 mulieris
992 3117 1066 3176 illius
1094 3121 1123 3176 in

92 3205 221 3281 Brisclre,
243 3208 323 3265 cuius
336 3208 464 3281 superius
481 3207 653 3265 mentionem
666 3205 720 3262 leci
733 3203 856 3278 capitulo
877 3205 1013 3262 vicesimo
1035 3211 1124 3263 sexto.

92 3291 175 3352 Haec
191 3292 320 3353 cumdio
333 3292 457 3367 quadam
471 3291 635 3352 Jobannem
656 3291 841 3367 burgravium
863 3289 898 3348 de
909 3290 1056 3350 Rinecken
1078 3294 1123 3348 vi-

94 3379 189 3456 disset,
210 3381 283 3439 sicut
295 3379 365 3437 mihi
385 3379 480 3439 retulit
495 3381 543 3453 qui
564 3377 681 3453 audivit,
701 3376 797 3436 multis
814 3378 1011 3453 praesentibus
1027 3384 1125 3436 ecutm

93 3484 158 3527 eum
173 3465 307 3527 clamavit
325 3465 437 3526 dicens:
458 3464 589 3526 Vitulum
609 3465 698 3539 illum,
728 3481 813 3539 quem
834 3463 883 3524 tali
898 3464 1001 3524 viduae
1022 3466 1124 3523 abstu-

47 3590 55 3605 ο
111 3617 237 3687 ηΑΒΟΡ
253 3616 335 3688 quod
354 3648 385 3658 —-
404 3618 436 3685 2)
453 3616 517 3670 ADP
534 3615 802 3669 manducantibus
820 3631 951 3681 carnee,
969 3616 1040 3683 ipse
1058 3617 1125 3683 qui-

163 3686 377 3757 uem-met)
390 3689 443 3757 qui
461 3687 512 3740 bic
525 3685 832 3757 pauperibus,Pqui
849 3685 1124 3755 bispauperlbus.
