2438 4170
391 228 446 305 nn
469 223 745 288 courmnorur.
1046 229 1085 286 ro

95 367 155 411 nnn
175 368 224 410 sua
244 351 396 410 tribuebat
445 350 484 409 Et
515 351 582 425 quia
609 349 651 415 ad
679 350 752 409 tales
781 347 931 408 effusiones
960 347 1087 407 redditus

96 439 154 497 nnn
168 441 256 497 minus
276 437 458 513 tirffieiebant,
483 435 670 496 hereditatem
690 443 839 512 paternam
860 433 983 493 vendere
1006 451 1086 494 eom-

95 523 222 599 pdlebatnr.
264 524 335 583 Erat
355 531 452 583 antem
472 526 501 582 in
521 525 650 599 proximo
668 540 787 582 manens
807 521 888 580 miles
903 521 1019 596 quidam
1041 519 1086 579 di-

96 626 130 670 res
145 617 166 669 et
183 611 326 685 honestus,
346 610 534 669 ministerialis
554 616 659 668 tamen.
685 609 761 669 Huic
782 611 892 668 iuvenis
913 611 971 666 iam
993 607 1086 667 dictus

95 695 178 773 doda,
201 700 262 758 sive
290 693 407 776 teoda1)
430 715 482 756 sua
501 699 605 772 partim
627 696 785 771 vendebat,
814 697 918 772 partim
947 697 977 753 in
1001 691 1086 754 vadi·

56 806 59 813 ·
95 785 160 842 nonio
183 785 350 860 exponebat.
391 784 516 844 Etcum
541 785 599 842 iam
625 800 683 842 non
704 783 823 842 haberet
852 782 929 858 quod
949 781 1087 841 venderet

94 867 125 927 ul
140 877 294 946 exponeret,
323 871 466 948 cogitabat
495 870 639 944 exsulare,
670 870 843 929 tolerabilius
864 868 993 928 iudicans
1013 870 1086 926 inter
1170 940 1173 945 Ι

94 960 206 1016 titaneos
218 956 388 1032 mendicare,
411 975 498 1033 quam
517 959 590 1016 inter
602 963 684 1017 notos
707 964 736 1015 et
750 957 848 1016 affines
862 958 997 1032 egestatis
1015 971 1086 1014 eon·
1127 994 1129 1000 ,

93 1038 197 1102 udonem
216 1038 361 1104 sustinere.
404 1043 541 1104 Habebat
561 1051 658 1102 autem
686 1043 826 1118 villicum,
854 1043 999 1101 hominem
1021 1043 1087 1116 qui-

61 1136 68 1155 *
93 1125 138 1187 dan
153 1130 315 1208 malignum,
343 1133 472 1205 nominc,
499 1147 557 1205 non
577 1148 608 1189 re
631 1129 836 1204 Christianum,
866 1136 894 1188 et
916 1129 1086 1188 daemonum

92 1215 210 1276 montio
237 1224 330 1276 totum
360 1220 562 1293 mancipatum.
611 1214 722 1276 Videns
746 1218 793 1276 hie
826 1216 971 1278 dominum
1002 1232 1087 1274 suum

91 1302 177 1379 littam
196 1310 224 1363 at
244 1307 373 1363 tristitiae
394 1320 452 1363 nen
464 1307 597 1380 ignorans
612 1320 737 1379 eausam,
759 1304 873 1363 dicebat
893 1306 933 1362 ei:
954 1302 1086 1376 Domine,

92 1385 244 1450 motivas
265 1389 347 1449 fieri?
368 1390 539 1466 Respondit:
569 1390 703 1448 Libenter
725 1391 804 1469 dives
824 1390 931 1464 fierem,
953 1389 1086 1449 dummo-

92 1468 196 1550 doipsae
217 1477 332 1536 divitiae
354 1494 416 1537 esse
436 1483 554 1552 possent
576 1494 641 1536 eum
662 1477 736 1537 Deo.
777 1477 816 1535 Et
835 1477 961 1536 villicus:
992 1475 1087 1535 Nolite

91 1559 174 1637 duee,
192 1565 341 1639 sequimini
361 1570 473 1624 tantum
493 1581 549 1638 me,
571 1569 599 1622 et
620 1565 694 1622 bene
717 1567 769 1622 erit
789 1565 879 1622 vobis.
912 1563 1016 1622 Statim
1037 1578 1086 1620 se-

91 1649 150 1707 dilus
166 1656 206 1709 est
225 1652 367 1725 miserum,
388 1657 525 1725 tanquam
546 1652 683 1725 serpentis
704 1667 807 1709 vocem
819 1649 891 1723 Eva,
913 1650 995 1724 quasi
1015 1649 1086 1707 sibi-
1187 1664 1190 1671 ·

91 1726 132 1791 lun
147 1739 256 1812 aucupis
278 1737 404 1813 avicula,
432 1740 462 1795 in
482 1737 616 1812 laqueum
628 1733 649 1815 ²)
672 1735 777 1795 diaboli
799 1736 916 1795 celerius
939 1735 1087 1810 deponen-

91 1814 134 1879 dis
166 1821 201 1881 Et
228 1821 309 1882 duxit
330 1841 396 1883 eum
423 1825 453 1882 in
481 1826 544 1900 ipsa
571 1829 656 1881 noete
683 1840 735 1897 per
756 1821 902 1898 quoddam
930 1838 1030 1880 nemus
1056 1823 1086 1878 in

89 1898 159 1966 benur
175 1909 335 1985 palustrem,
357 1916 386 1970 et
406 1913 500 1986 eoepit
517 1912 600 1986 quasi
612 1927 676 1968 cum
690 1909 785 1984 aliquo
799 1909 904 1968 habere
918 1924 1086 1967 sermonem.

90 1986 129 2050 toi
142 1997 254 2056 maenis:
283 1997 356 2056 Cum
378 2015 434 2074 qno
455 1995 599 2072 loqueris?
621 1996 780 2071 Respondit
801 1996 914 2054 domino
936 2012 988 2054 suo
1010 1994 1086 2054 villi·

90 2090 126 2136 tus
146 2080 186 2142 ille
205 2086 373 2160 iniquitatis:
407 2085 513 2144 Taeete
541 2090 653 2142 tantum
673 2100 741 2158 vos,
769 2101 822 2142 nce
849 2085 886 2142 sit
912 2083 995 2141 vobis
1018 2099 1087 2140 cura

89 2175 137 2224 tun
152 2185 202 2244 quo
222 2171 324 2247 loquar
335 2167 365 2250 ³).
410 2170 538 2247 Cumque
567 2169 693 2229 seeundo
719 2170 898 2246 loqueretur,
927 2175 956 2228 et
974 2169 1086 2228 iuvenis

89 2246 163 2314 inab
181 2260 376 2333 sciscitaretur,
396 2258 556 2334 respondit:
580 2257 651 2316 Cum
667 2256 789 2316 diabolo.
832 2257 870 2315 Et
892 2255 985 2331 e'oepit
1004 2258 1087 2314 iuve-

89 2334 121 2395 t&
135 2344 205 2403 nimis
226 2344 348 2431 horrere.
391 2345 484 2421 Quem
510 2361 568 2403 non
597 2351 761 2403 concuteret
781 2344 882 2403 horror
902 2343 953 2402 tali
962 2339 984 2422 ⁴)
1006 2343 1087 2416 loco,

88 2418 163 2487 lrtri
179 2430 256 2506 hora,
277 2438 306 2490 et
325 2430 363 2490 de
384 2431 434 2490 tali
454 2430 606 2491 sermone?
627 2430 807 2507 Dicebatque
824 2430 935 2491 villicus
957 2428 1087 2489 diabolo:

89 2503 196 2593 Dentre,
224 2535 290 2578 ecee
311 2521 405 2578 virum
432 2518 508 2578 hune
536 2518 661 2577 nobilem
692 2519 837 2577 dominum
864 2535 961 2576 meum
981 2516 1089 2577 adduxi

89 2601 170 2668 usiae
187 2612 306 2680 vestrae,
327 2607 467 2665 maiestati
487 2611 599 2664 vestrae
621 2605 794 2681 supplicans,
815 2610 847 2662 ut
866 2611 961 2664 vestro
983 2603 1088 2662 auxilio

89 2683 183 2753 bisini,
201 2691 356 2751 honoribus
375 2699 461 2768 atque
484 2692 589 2751 divitiis
610 2694 720 2750 restitui
741 2698 890 2751 mereatur.
933 2690 982 2749 Ad
1003 2707 1089 2766 quem

41 2772 61 2805 ·'
90 2764 204 2838 diabolus:
225 2779 256 2839 Si
278 2780 347 2837 mihi
366 2779 488 2838 voluerit
509 2795 571 2837 esse
594 2779 714 2838 devotus
727 2775 747 2858 ⁵)
770 2796 804 2837 ac
825 2778 931 2852 fidelis,
965 2777 1040 2836 dabo
1063 2779 1090 2835 ei

90 2850 175 2922 &illias
200 2883 332 2942 magnas,
358 2868 473 2942 insuper
501 2866 606 2924 addam
627 2865 746 2941 gloriam
776 2872 805 2925 et
824 2865 963 2939 honores,
991 2863 1090 2940 quales

89 2945 286 3012 nonhabuerunt
307 2960 402 3029 patres
424 2956 484 3012 eius
496 2948 527 3033 ⁶).
569 2952 730 3027 Respondit
740 2952 863 3011 villicus:
886 2951 1020 3011 Libenter
1031 2967 1088 3009 vo·

88 3023 122 3087 b's
132 3035 302 3115 obsequiosus
315 3042 367 3099 erit
388 3047 417 3099 et
430 3040 529 3114 fidelis,
552 3042 575 3098 si
590 3039 659 3098 talia
671 3039 754 3098 luerit
767 3045 944 3098 consecutus.
973 3038 1011 3096 Et
1024 3037 1086 3097 ille:
1115 3054 1120 3064 ‘

88 3107 230 3185 &voluerit
256 3129 312 3186 ista
333 3145 351 3186 a
372 3145 418 3186 me
440 3129 583 3201 consequi,
612 3127 816 3186 abrenunciare
847 3129 877 3184 in
897 3127 1013 3184 instanti
1034 3124 1087 3183 de·

88 3195 150 3285 bit')
166 3210 316 3273 Altissimo.
360 3213 444 3290 Quod
466 3231 532 3272 cum
553 3215 663 3272 iuvenis
684 3214 795 3273 audiret
817 3219 845 3272 et
866 3214 959 3271 facere
981 3228 1087 3270 renue·

89 3292 132 3363 ¹0²2
154 3295 257 3360 dicebat
284 3303 310 3360 ei
335 3301 422 3361 horno
448 3301 495 3360 ille
516 3300 704 3375 perditionis:
736 3300 810 3377 Quid
838 3302 941 3358 timetis
963 3298 1086 3374 prolerre

89 3376 209 3445 ltilulum
229 3386 337 3447 unum?
358 3388 461 3462 Dicite,
482 3383 725 3467 abrenunciatet).
769 3385 899 3446 Tandem
909 3387 1088 3444 miseritus·

89 3458 152 3526 liii
174 3473 262 3535 villico
284 3492 452 3551 persuasus,
482 3474 645 3533 Creatorem
667 3491 751 3561 suum
773 3489 821 3532 ore
842 3474 972 3548 negavit,
999 3489 1086 3531 mann

105 3643 264 3714 llltsuda.
284 3690 314 3700 -
333 3662 365 3731 2)
383 3660 403 3713 G
420 3662 450 3711 iu
473 3659 597 3728 laqueo.
617 3689 650 3697 —
669 3658 700 3726 3)
717 3659 759 3714 Bc
776 3659 899 3727 loquor.
918 3689 951 3698 -
969 3657 1002 3725 4)
1020 3657 1041 3710 G
1057 3660 1088 3709 in

142 3725 196 3804 tuli.
214 3759 244 3770 -
270 3731 302 3800 5)
320 3731 340 3784 G
357 3729 524 3783 obediens.
544 3758 574 3768 -
594 3728 625 3796 6)
643 3727 663 3780 G
681 3730 738 3781 sui.
757 3759 788 3768 -
808 3729 840 3798 7)
856 3727 917 3783 Bor
935 3727 1033 3779 debet
1056 3728 1087 3780 in

142 3801 270 3852 instanti.
284 3830 314 3840 -
334 3801 366 3870 8)
384 3800 402 3853 Ρ
420 3799 627 3852 abrenuncio.
