2438 4170
150 256 210 315 146
460 251 688 315 DISTINGTIO
709 251 858 315 rubria

147 378 307 439 concubina
326 382 437 453 vestra3
465 383 535 452 puto
564 378 613 435 vix
639 393 726 452 posse
757 376 819 437 fieri
852 377 920 453 quin
939 375 990 438 illo
1011 376 1184 439 turbaretur.

145 463 348 525 NOVIOIUS:
370 463 417 524 De
438 463 495 523 hoc
515 463 585 522 mihi
607 463 685 523 dicas
707 463 879 541 exemplum.

479 630 712 716 curruum
731 655 852 714 xxix.

27 840 30 845 ,
146 780 193 837 De
207 779 310 837 elerico
325 777 499 850 Sucaelocci,
522 780 574 853 qut
595 777 744 853 conferrere
767 784 809 836 eet
829 777 983 850 amadati,
1004 793 1038 836 ae
1047 793 1183 854 peccasse

500 882 567 923 cum
589 864 753 924 maculatae
774 882 838 923 cua.

102 1029 106 1036 ·
209 1000 444 1062 MONACHUS:
477 1002 619 1062 Sacerdos
641 1003 758 1078 quidam
780 1004 810 1061 in
830 1001 950 1062 Susacia
977 992 1081 1060 babuit
1113 1018 1181 1061 con·

147 1090 295 1164 cubinam,
328 1107 416 1164 quarn
438 1088 604 1148 adolescens
627 1091 743 1165 quidam
765 1092 969 1164 concupiscens
992 1106 1060 1148 cum
1082 1086 1180 1149 eadem

144 1179 284 1251 peccarit.
327 1176 362 1233 In
385 1177 611 1253 Quadragcsinra
633 1194 700 1236 vero
724 1176 761 1236 ad
784 1176 905 1236 eundern
927 1174 1110 1235 sacerdotem
1129 1186 1198 1235 vc·-

144 1266 235 1337 niens,
257 1263 401 1322 coufessus
425 1270 468 1322 cst
487 1271 647 1338 peceatum,
670 1264 752 1322 simul
775 1270 804 1322 et
824 1279 986 1339 personam.
1019 1261 1178 1339 Quod'eum

145 1350 271 1409 credisset
292 1350 434 1425 sacerdos,
455 1351 587 1410 turbatus
610 1358 653 1409 est
674 1351 766 1426 valde,
789 1356 817 1409 et
838 1350 875 1409 ab
885 1348 962 1409 illius
977 1366 1045 1408 cum
1055 1344 1177 1429 amorel

145 1437 310 1496 abstrahere
333 1436 442 1512 volens,
465 1436 561 1495 durius
584 1440 685 1513 arguit,
706 1444 858 1514 peccatum
879 1438 1059 1512 aggravarit,
1079 1436 1179 1512 posul-

145 1527 318 1599 tcntiamquc
341 1524 442 1582 duram
462 1527 545 1583 nimis
567 1527 695 1583 iniunxit.
738 1525 853 1583 Raucor
879 1525 933 1581 iste
961 1525 1023 1583 sine
1055 1522 1176 1599 periculo

144 1629 203 1670 non
224 1611 284 1669 fuit.
327 1609 411 1670 Undc
432 1613 556 1670 invectio
578 1618 638 1670 tam
660 1629 777 1687 aspera,
805 1611 981 1686 poenitentia
1012 1616 1073 1669 tam
1095 1609 1175 1685 dura,

144 1700 198 1758 nisi
228 1696 270 1757 ex'
289 1698 440 1775 propalata
468 1697 612 1775 persona?
655 1698 737 1757 Haec
766 1698 835 1756 mihi
862 1696 959 1755 retulit
987 1695 1175 1757 Theodericus

145 1786 322 1845 Susaciensis
343 1785 503 1845 monachus
524 1792 629 1860 noster,
651 1787 700 1860 qui
721 1791 873 1860 utrumque
891 1785 985 1860 novit,
1002 1784 1174 1844 sacerdotem

144 1869 305 1952 rideliect²)
329 1878 358 1931 et
379 1873 599 1931 adolescentem.
641 1872 707 1931 Non
729 1889 795 1949 ergo
824 1870 944 1947 prodero
974 1870 1062 1930 debet
1090 1868 1174 1932 conli-

144 1966 207 2018 tens
227 1976 380 2034 personam
401 1961 512 2034 peccati
503 1965 711 2032 r,consortem
735 1977 800 2018 cum
821 1964 918 2016 tamen
941 1975 990 2032 ca,
1013 1974 1089 2033 quae
1108 1972 1174 2035 peo-

145 2052 241 2105 catum
272 2042 401 2125 ipsum³)
431 2051 607 2122 aggravant,
640 2046 767 2104 confiteri
795 2052 933 2104 teneatur.
976 2042 1173 2105 Novium&

144 2132 256 2191 Vellem
278 2134 376 2190 instrui
399 2133 542 2207 quomodo
565 2133 658 2191 dicere
682 2133 807 2191 deberet.
850 2129 1093 2191 MONAOHUS.
1112 2128 1174 2191 Hu-

144 2219 266 2277 iusmodi
287 2219 407 2278 formam
427 2226 525 2294 posset
547 2237 676 2278 servare:
708 2219 847 2293 Domine,
880 2235 934 2294 ego
964 2221 1087 2293 peccari
1115 2234 1174 2278 cum
1211 2232 1215 2285 l

144 2306 279 2382 legitima,
302 2307 468 2381 concubina,
490 2306 548 2365 filia
569 2306 617 2366 vel
638 2323 734 2365 sorore
756 2305 905 2366 cuiusdam
935 2307 1059 2380 cognati,
1080 2292 1215 2379 affiniul

144 2396 228 2452 amici
249 2392 325 2451 vel
317 2395 422 2451 mimici
443 2395 508 2467 mei,
530 2394 597 2451 solis
618 2396 744 2468 pcccatis
765 2396 836 2452 meis
858 2393 1046 2468 exigentibus,
1067 2392 1174 2452 sircab
1207 2356 1215 2469 4

143 2480 191 2538 illa
212 2480 354 2538 inductus.
396 2479 435 2537 Et
423 2483 485 2537 tin
505 2480 582 2538 hunc
603 2481 721 2540 modum
751 2479 786 2539 de
820 2481 920 2538 ceteris
948 2481 1092 2554 peccatis,
1119 2481 1176 2539 sire

145 2567 268 2626 carnalia
290 2569 353 2642 sint,
376 2569 437 2626 sivo
460 2566 624 2643 spiritualia.
667 2568 702 2625 In
723 2567 799 2625 hunc
820 2565 939 2624 modum
961 2571 989 2624 et
1010 2566 1118 2627 femina
1134 2564 1176 2624 di-

144 2661 198 2714 cat.
243 2654 392 2730 Quaedam
413 2660 510 2712 tamen
532 2660 652 2729 peccata
674 2657 714 2713 sic
737 2655 965 2726 committuntur,
994 2659 1028 2711 ut
1055 2655 1107 2712 vix
1128 2669 1177 2713 cx·

142 2743 224 2816 primi
245 2741 368 2815 valeant,
390 2743 444 2799 nisi
467 2741 613 2800 confessor
635 2741 670 2799 dc
692 2758 814 2817 persona
835 2739 983 2816 intelligat.
1026 2739 1094 2799 Non
1115 2738 1178 2800 inde

142 2828 263 2886 multum
296 2828 454 2887 curandum
487 2834 538 2886 est.
587 2827 790 2888 NOVICIUS:
835 2825 911 2902 Quid
939 2828 962 2884 si
992 2825 1050 2886 duo
1080 2832 1178 2886 contra

143 2933 226 2972 suum
261 2915 421 2989 praelatum
456 2917 663 2990 conspirarent,
697 2921 724 2973 et
754 2932 826 2972 unus
860 2913 973 2971 illorum
1004 2915 1178 2989 poenitentia

143 3002 253 3076 ductus,
275 3008 426 3076 peccatum
449 3020 532 3060 suum
555 3002 648 3060 eidem
669 3001 796 3077 praelato
820 3000 1008 3075 confiteretur,
1032 2995 1177 3079 deberetl)

143 3087 263 3146 alterurn
292 3088 426 3163 prodere,
459 3106 496 3146 an
522 3087 600 3147 non?
644 3087 876 3147 MONACHUS:
908 3087 1002 3146 Video
1034 3105 1070 3146 cx
1104 3089 1178 3147 omui

142 3181 223 3250 parte
245 3174 412 3250 periculum.
455 3174 486 3233 Si
507 3193 564 3233 non
585 3176 718 3250 proderet
738 3192 905 3250 personam,
933 3173 1080 3249 praelatus
1102 3176 1178 3250 peri·

143 3261 232 3320 clitari
253 3269 366 3337 posset,
400 3264 424 3320 si
453 3279 521 3320 vero
554 3263 701 3337 proderet,
733 3263 804 3320 sorte
826 3267 996 3336 perpetuum
1018 3259 1059 3318 illi
1081 3261 1178 3320 odium

142 3349 279 3407 advorsus
302 3350 523 3423 conspiratorem
545 3351 703 3408 suscitaret.
746 3348 824 3406 Audi
856 3348 1018 3424 exemplum
1040 3346 1080 3408 ad
1109 3365 1178 3409 cau-

142 3435 229 3495 telam
251 3438 320 3495 satis
341 3437 541 3514 necessarium,

161 3765 191 3833 1)
209 3763 228 3814 B
247 3778 355 3815 amore
372 3779 448 3814 cum.
467 3793 499 3801 -
518 3763 550 3834 2)
567 3763 609 3817 Bo
632 3763 772 3815 scilicet.
792 3792 823 3803 -
843 3762 874 3830 3)
893 3763 997 3829 ipsum
1014 3776 1057 3812 orn
1074 3757 1126 3813 ΟΒ.
1146 3788 1175 3799 -

210 3833 243 3902 4)
260 3833 281 3885 R
299 3832 490 3885 deberetne.
