2438 4170
241 187 253 217 V

399 250 454 311 DE
478 248 753 312 UONTRITIONE.
1058 252 1094 308 il

109 371 134 430 llt
147 372 191 432 ille:
208 373 324 433 Etiamsi
346 372 477 433 diabolus
497 375 538 433 ibi
558 376 612 448 sit,
631 383 689 450 'ego
710 372 816 431 vadam
839 378 869 430 et
890 371 1004 430 videbo.
1047 371 1098 428 ln-

108 461 199 537 ieotoque
217 467 284 537 toga
305 461 437 536 scaprdis,
460 478 493 520 eo
518 460 595 535 quod
616 461 709 519 nudus
732 465 825 534 esset,
847 458 885 518 ad
906 458 1099 517 molendinum

110 549 170 623 seuit,
186 550 283 607 ostium
304 550 430 624 aperuit,
450 549 618 623 introspexit
633 544 666 627 ¹),
687 550 716 604 in
738 564 795 622 quo
817 545 988 605 horrendam
1009 548 1099 604 visio·

108 648 151 692 oen
165 635 231 693 vidit.
274 635 395 695 Stabant
416 635 456 693 ibi
486 635 542 693 duo
571 636 637 710 equi
663 636 819 710 nigerrimi,
851 639 880 691 et
907 635 951 691 vir
984 632 1100 707 quidam

108 717 202 781 ldomis
222 722 349 782 eiusdem
370 721 471 782 coloris
493 725 572 780 iuxta
594 738 692 796 equos.
736 722 792 796 Qui
814 720 928 779 dicebat
949 720 987 778 ad
1013 720 1100 776 rusti-

97 822 161 895 ¹cin:
177 807 327 891 restam),
349 809 472 868 ascende
495 826 600 884 equum
621 811 716 883 istum,
738 806 837 887 quia³)
859 813 975 883 propter
995 814 1024 864 te
1047 805 1101 865 ad-

106 892 177 954 ductus
195 903 244 956 est.
286 896 431 972 Expalluit
450 896 498 954 ille
521 902 550 954 et
572 898 746 970 contremuit,
770 898 837 970 quia
857 895 980 954 iubentis
998 910 1101 952 vocem

105 983 169 1041 mus
185 982 301 1043 libenter
322 984 438 1043 audivit.
483 983 612 1057 Cumque
634 982 672 1040 ad
693 983 780 1042 talem
802 982 993 1041 obedientiam
1006 983 1101 1055 impa-

106 1072 158 1128 ctus
174 1078 257 1146 esset,
288 1073 389 1130 iterato
418 1071 522 1129 clamat
555 1070 699 1129 diabolus:
733 1069 808 1145 Quid
830 1067 947 1128 tardas?
990 1068 1102 1126 Proiice

105 1162 184 1215 restem
203 1165 231 1216 et
250 1160 324 1217 veni.
366 1158 435 1216 Erat
456 1163 553 1215 autem
575 1175 659 1231 crux,
689 1175 775 1232 quam
803 1161 981 1231 susceperat,
1010 1154 1103 1212 eidem

106 1245 155 1301 retii
176 1250 277 1303 assuta.
321 1244 396 1320 Quid
422 1243 532 1320 plura?
574 1245 719 1303 Virtutem
753 1243 911 1303 diabolicae
940 1243 1020 1301 vocis
1052 1258 1103 1316 per

105 1326 297 1405 imperationem
322 1333 351 1389 iu
384 1331 468 1391 corde
497 1348 549 1390 suo
579 1334 717 1405 sentiens,
746 1337 776 1389 et
801 1333 859 1389 iam
888 1332 1018 1388 resistere
1046 1345 1104 1387 non

106 1414 183 1492 vdent
200 1425 310 1478 vestem
330 1420 434 1493 reiecit,
457 1415 518 1497 et⁴)
539 1418 734 1477 molendinum
754 1420 884 1492 intravit,
912 1433 1025 1492 equum,
1047 1419 1104 1473 imo

105 1500 226 1579 diabolum,
246 1504 381 1566 aseendit
424 1504 563 1564 Ascendit
585 1512 614 1564 et
636 1505 765 1564 diabolus
788 1522 894 1579 equum
915 1504 1054 1577 alterum,
1077 1508 1106 1562 et

106 1589 142 1648 ub
157 1592 238 1651 multa
260 1586 402 1652 celeritate
424 1592 507 1650 simul
530 1591 645 1650 deducti
666 1599 732 1650 sunt
754 1591 792 1650 ad
814 1592 927 1650 diversa
947 1591 1012 1649 loca
1033 1607 1106 1664 poe-

106 1690 184 1736 tarum.
224 1680 259 1738 In
280 1681 386 1755 quibus
407 1678 492 1738 homo
514 1682 600 1738 miser
620 1685 731 1754 patrem
753 1685 781 1737 et
802 1685 923 1736 matrem
936 1674 1106 1736 miserabili-

105 1766 136 1819 ter
149 1764 222 1841 vidit,
250 1766 380 1842 aliosque
400 1765 550 1841 plurimos,
572 1783 644 1841 quoe
668 1766 814 1824 defunctos
836 1766 985 1841 ignoravit.
1027 1763 1107 1822 Vidit

107 1844 221 1912 betam
242 1853 386 1930 quendam
406 1854 557 1912 honestum
571 1853 690 1911 militem
710 1869 801 1927 nuper
827 1859 978 1926 mortuum,
992 1850 1107 1909 Heliam

108 1939 192 1997 oniae
224 1940 258 2000 de
286 1941 424 2017 Rininge,
456 1942 640 2017 burgravium
668 1942 698 1997 in
728 1945 820 1998 castro
848 1939 973 2013 Huorst,
1001 1955 1109 1997 vaceae

110 2018 183 2083 bne
207 2027 374 2086 insidentem
396 2044 496 2086 everso
510 2026 530 2107 ⁵)
554 2044 685 2103 corpore,
714 2029 755 2085 ita
783 2032 815 2084 ut
845 2027 959 2085 dorsum
991 2025 1110 2084 haberet

110 2106 243 2173 tloornua
264 2131 380 2173 vaccae.
403 2157 407 2165 .
424 2114 504 2190 Quae
526 2115 583 2173 bue
604 2114 727 2189 illucque
751 2113 934 2187 discurrebat,
957 2119 985 2170 et
1005 2113 1109 2171 crebris

109 2192 184 2259 mbas
203 2201 318 2260 dorsum
338 2201 434 2259 militis
457 2202 632 2260 cruentabat.
665 2201 717 2259 Oui
741 2219 806 2259 cum
827 2202 970 2261 tisanarius
991 2200 1109 2258 diceret:

110 2276 210 2379 Vimine,
231 2306 320 2364 quare
341 2291 484 2347 sustinctis
506 2295 614 2348 tantam
635 2286 779 2363 poenam?
801 2287 961 2362 respondit:
982 2288 1111 2346 Vacoam

109 2373 169 2430 litam
185 2379 263 2452 rapui
284 2377 344 2434 sine
366 2375 557 2435 misericordia
579 2376 692 2435 cuidam
713 2375 826 2448 viduae,
849 2380 878 2432 et
897 2375 962 2433 ideo
974 2377 1034 2432 sine
1055 2374 1110 2429 mi·
1193 2430 1198 2439 ,

110 2458 231 2522 storin
252 2469 364 2538 oportet
383 2480 430 2522 me
452 2464 489 2522 ab
511 2463 559 2520 illa
580 2479 703 2538 poenam
723 2463 797 2520 banc
809 2464 955 2519 sustinere.
990 2459 1113 2519 Ostensa

69 2572 71 2593 ι
109 2548 140 2600 ttl
155 2549 175 2606 ci
192 2552 221 2608 in
241 2550 350 2610 eisdem
370 2549 440 2609 locis
462 2553 546 2626 ignea
568 2549 664 2624 sedes,
685 2552 715 2606 in
738 2566 795 2624 qua
815 2548 894 2606 nulla
915 2554 1027 2623 poterat
1050 2564 1112 2605 csse

108 2631 174 2710 illes,
192 2637 241 2696 sed
261 2639 351 2696 sessio
372 2638 508 2712 poenalis,
531 2644 559 2696 et
579 2653 672 2712 poena
684 2635 905 2694 interminabilis.
938 2635 1113 2707 Dianamque

108 2722 139 2774 tlt
154 2725 190 2781 ei:
209 2722 298 2783 Modo
320 2727 468 2783 reverteris
489 2727 519 2782 in
542 2724 658 2782 domum
679 2730 768 2797 tuam,
789 2728 855 2798 post
876 2728 1041 2780 tresautem
1053 2720 1113 2778 dies

106 2812 170 2867 tnrto
190 2826 305 2886 corpore
326 2815 475 2870 reverteris
497 2814 526 2868 in
538 2805 559 2891 ⁶)
581 2812 677 2870 locum
698 2816 787 2884 tuum,
811 2815 840 2867 et
860 2808 1021 2868 mercedem
1034 2813 1113 2865 tuam

105 2896 204 2971 ccipias
224 2901 253 2955 in
276 2898 344 2957 sede
366 2900 429 2957 ista.
472 2898 543 2957 Mox
564 2917 582 2956 a
604 2898 743 2957 daemone
764 2895 912 2970 reductus,
942 2902 971 2954 et
997 2897 1027 2952 in
1048 2910 1113 2952 mo-

102 2974 195 3042 lendino
217 2984 375 3061 depositus,
403 3002 476 3060 pene
506 2988 642 3044 exanimis
670 2985 784 3043 relictus
815 2989 865 3056 est.
908 2983 1047 3041 iuventus
1075 2982 1115 3039 ibi

100 3065 129 3126 ab
146 3086 229 3131 uxore
251 3079 280 3131 et
300 3072 419 3145 familia,
441 3079 528 3148 atque
549 3076 578 3130 in
599 3072 705 3130 lectum
728 3071 907 3146 deportatus,
930 3088 996 3129 cum
1017 3071 1114 3143 requi-

97 3162 197 3232 reretur,
219 3160 269 3218 ubi
291 3166 375 3234 esset,
396 3160 443 3218 vel
464 3160 540 3218 rmde
561 3162 679 3233 veniret,
700 3158 859 3233 respondit:
881 3157 929 3216 Ad
951 3158 1015 3216 loca
1028 3157 1115 3214 infer-

94 3242 162 3303 nalia
181 3245 282 3305 ductus
304 3247 359 3320 sui,
389 3253 418 3305 et
445 3245 516 3305 haee
544 3255 630 3320 atque
652 3247 723 3304 haec
745 3244 851 3303 ibidem
872 3244 940 3303 vidi.
985 3241 1116 3302 Ostendit

91 3330 153 3389 milri
172 3333 202 3390 in
223 3332 330 3415 eisdem
350 3333 421 3392 loeis
444 3333 545 3392 ductor
567 3351 647 3391 meus
670 3333 767 3391 eedem
790 3349 884 3404 unam,
907 3338 935 3389 et
950 3330 1027 3404 dixit,
1049 3332 1116 3404 quia

89 3418 153 3477 mibi
172 3419 243 3478 foret
264 3425 442 3495 praeparata,
465 3427 493 3478 ct
515 3423 581 3495 quia
602 3431 668 3494 post
688 3426 745 3477 tres
767 3418 827 3477 dies
848 3424 1116 3492 recepturuscsscm

87 3506 244 3565 mercedem
255 3524 359 3571 ,meam
381 3509 410 3564 in
432 3524 474 3566 ea.
518 3508 646 3565 Vocatus
669 3514 712 3564 est
733 3507 787 3564 sub
810 3505 952 3564 eeleritate
973 3500 1116 3576 sacerdos,

101 3693 134 3761 1)
152 3690 194 3745 BC
211 3701 243 3743 et
260 3695 466 3760 introspexit.
487 3725 516 3733 -
537 3692 956 3762 momenmentum.
977 3720 1007 3728 -
1027 3689 1059 3755 3)
1076 3688 1117 3742 BC

154 3762 215 3829 qui.
234 3793 264 3802 -
278 3764 314 3831 d)
333 3773 364 3815 et
382 3780 423 3816 om
441 3763 488 3816 BG.
511 3795 540 3803 -
560 3764 591 3831 5)
609 3763 674 3815 ADP
692 3762 840 3813 adverso.
861 3791 891 3800 -
916 3761 947 3827 6)
964 3758 1006 3811 Bc
1023 3757 1075 3821 od,
1092 3766 1117 3807 ct

154 3831 302 3898 paulopost
320 3835 470 3901 recipies.
