2438 4170
97 186 158 247 136
410 185 639 248 DISTINGTIO
657 185 807 249 TERTIA

96 310 169 388 Quis
191 311 330 385 loquetur
346 314 496 384 potentias
517 312 649 384 Domini,
671 312 792 371 auditae
810 309 904 387 faetet
916 326 1016 369 oum
1027 309 1118 369 wudu

95 398 178 456 eius?
220 396 370 472 Ingressus
393 398 508 473 quidam
532 415 567 456 ex
589 398 701 473 officio,
723 400 882 457 orationem
901 399 964 456 eius
982 397 1115 473 intutopt

96 483 205 542 dicens:
238 483 375 559 Domine,
409 484 478 558 quid
505 474 609 544 iubetis
638 492 671 544 ut
701 484 753 544 fiat
774 482 790 565 ¹)
813 484 848 543 de
875 483 924 544 illo
954 478 1113 543 criminoml

95 570 256 646 Episcopus
277 572 469 630 misericordia
496 578 607 645 motus,
637 572 782 647 respondit
809 572 865 629 illi:
894 571 985 631 Parce
1011 569 1110 647 paupdi

95 663 209 733 propter
238 674 349 716 sacrum
378 665 492 733 tempus
520 658 771 735 Quadragcsimae.
824 658 990 717 Recedeute
1019 656 1107 731 indu,

94 750 127 802 ut
147 761 227 802 reum
246 743 406 819 dimitteret,
427 745 586 821 Episcopus
608 747 717 804 reflexit
739 745 837 805 oeulos
858 745 898 804 ad
918 744 1059 804 Psalmum
1072 741 1104 801 di-

93 833 220 905 missum,
242 834 395 906 statimque
418 830 566 911 occurrit²)
589 833 761 892 versiculus:
783 834 873 892 Beati
895 835 948 908 qui
962 830 1102 891 autemst

93 918 250 991 iudicium,
284 925 311 977 et
330 918 449 994 fuciunt
470 923 613 978 iustitium
634 924 667 978 in
689 924 769 978 omni
791 927 929 994 tenpore
972 918 1033 994 Qua
1048 930 1100 976 ruet

92 1006 220 1079 territus,
249 1022 284 1063 ac
312 1005 454 1064 sidicino
487 1023 624 1081 responso
647 1013 793 1082 correptus
815 1013 892 1065 esset
913 1010 943 1064 et
962 1007 1099 1077 menuctus,
1125 998 1128 1005 '

73 1093 166 1165 ,sicut
187 1108 288 1150 revera
308 1092 376 1166 fuit,
396 1092 520 1151 iudicem
542 1097 703 1168 revocavit,
726 1094 838 1153 dicens:
868 1093 989 1152 Discute
1010 1104 1098 1151 muso

92 1177 241 1254 diligenter
262 1176 424 1259 hominis³)‚
446 1186 475 1238 et
496 1183 569 1238 iuste
591 1179 687 1239 iudica
706 1181 795 1239 illum.
838 1180 945 1255 Sicque
967 1180 1003 1238 ob
1021 1192 1097 1237 roem
1119 1234 1126 1251 ,

34 1304 36 1311 ι
92 1266 288 1340 propheticam
309 1283 375 1324 reus
396 1269 457 1325 vita
477 1268 604 1340 privatus
627 1273 679 1326 est
721 1268 808 1327 Forte
829 1269 883 1326 iste
916 1268 1045 1326 contritus
1060 1262 1097 1322 do.-

92 1355 185 1425 cessit,
208 1358 237 1411 et
258 1354 283 1410 si
305 1356 523 1429 supervixisset,
552 1354 673 1413 deterior
693 1355 801 1429 faetus,
822 1360 945 1412 mortem
965 1353 1098 1411 menum

93 1446 255 1514 aeternam,
284 1442 357 1498 sicut
386 1458 472 1516 supra
492 1440 595 1517 legitur
617 1441 652 1500 de
673 1436 817 1500 haeretico
840 1440 1047 1516 strazburgensi
1061 1448 1097 1513 pe

92 1525 300 1585 confessionem
321 1534 422 1586 sanato
452 1534 481 1586 et
508 1527 642 1587 recidivo.
685 1526 889 1587 NOVICIUS:
921 1526 1018 1587 Placet
1040 1516 1097 1601 quel

91 1612 170 1672 dieis.
213 1612 448 1674 MONACHUS:
487 1614 632 1674 Confessio
662 1633 804 1674 summum
836 1614 994 1674 remedium
1019 1608 1097 1672 stin

90 1700 231 1777 periculis,
253 1703 340 1760 etiarn
360 1703 390 1759 in
412 1704 484 1760 mari
505 1702 599 1778 longe.

439 1892 672 1953 0AP1TULUM
693 1893 781 1952 XXI.

110 2015 158 2073 De
173 2018 345 2091 peroptime,
368 2019 419 2091 qui
435 2023 560 2091 propter
578 2023 702 2090 peccota
722 2019 812 2075 unius
833 2016 960 2075 hominis
972 2018 1003 2074 iu
1021 2007 1086 2071 morl

230 2103 398 2177 periclitati,
420 2103 547 2161 deusdona
568 2102 747 2178 confessione
768 2110 837 2162 suat
859 2102 982 2162 liberati

153 2240 299 2316 Peregrini
336 2241 467 2317 quidam,
507 2244 581 2300 sicut
614 2245 749 2318 magister
782 2241 932 2301 Johannes
968 2226 1109 2299 nantensis

89 2326 196 2402 populo
218 2330 363 2402 recitavit,
384 2331 413 2387 in
435 2331 493 2386 suis
517 2330 685 2388 stationibus
709 2346 822 2388 erucem
842 2328 1023 2404 praedicans,
1051 2326 1112 2381 cul1¹

89 2419 217 2488 tempore
241 2415 366 2490 quodam
389 2416 602 2474 transfretarent
623 2418 651 2473 in
681 2433 847 2475 succursum
874 2415 966 2475 terrae
993 2414 1115 2472 sarone,

89 2507 152 2559 orta
174 2509 217 2560 cst
240 2504 280 2560 eis
302 2505 331 2559 in
353 2505 424 2561 mari
445 2510 601 2579 tempestas
623 2509 683 2561 tam
705 2502 809 2576 valida,
831 2509 862 2560 ut
884 2506 965 2561 navis
977 2505 1036 2576 ipsa
1046 2502 1117 2570 ope·

88 2590 188 2647 riretur
209 2589 351 2648 fluctibus.
394 2590 569 2649 Fremebant
589 2593 681 2664 venti,
712 2590 910 2649 excitabantur
938 2591 1038 2648 fluetus
1054 2588 1120 2640 tur·

89 2676 205 2750 bulcnti‚
227 2677 369 2735 nutabant
390 2679 444 2735 viri
466 2678 616 2751 fortissimi,
639 2694 704 2751 spes
728 2679 818 2735 omnis
826 2674 847 2756 ⁴)
867 2684 1020 2737 urautarum
1040 2663 1122 2729 dese·

89 2764 134 2821 cit.
177 2764 315 2823 Videntes
339 2770 405 2822 ante
428 2765 527 2823 oculos
549 2770 684 2838 mortem,
713 2771 866 2838 coeperunt
888 2763 1005 2840 singuli,
1030 2760 1125 2818 unufl·

88 2852 208 2925 quisque
230 2851 283 2908 sibi
305 2853 398 2909 vicino
422 2850 457 2909 dc
478 2854 604 2926 peccatis
626 2852 685 2909 suis
707 2851 799 2910 faeere
827 2851 1040 2910 confessionem.
1078 2829 1128 2895 El

88 2939 196 2994 nierito.
239 2937 313 2994 Nam
334 2945 450 3011 propter
471 2941 556 2997 unius
577 2939 698 2996 hominis
712 2945 832 3013 peccata
842 2927 992 2996 Dominus
1003 2928 1129 3018 cande}n

89 3025 262 3081 excitaverat
283 3030 490 3097 tempestatem.
533 3026 603 3084 Erat
625 3027 750 3084 enimin
776 3027 843 3083 navi
872 3024 920 3083 illa
949 3025 1034 3083 homo
1054 3022 1131 3090 qul·

89 3109 155 3166 darn
177 3112 357 3183 miserrimus,
380 3110 466 3169 homo
488 3112 697 3186 foetidissimus,
720 3115 800 3170 cuius
821 3118 942 3186 peccata
963 3112 1040 3170 lucre
1059 3101 1135 3191 taffss

87 3198 195 3270 gravia,
218 3202 276 3254 tam
298 3199 399 3271 turpia,
422 3205 479 3255 tum
502 3199 650 3273 horrenda,
673 3202 782 3257 tamin
805 3201 963 3274 quantitate
986 3211 1069 3273 quam
1098 3186 1137 3233 ¹¹¹

88 3281 239 3357 qualitate,
268 3290 300 3340 ut
320 3301 374 3342 nec
396 3286 491 3358 ipsum
513 3304 590 3344 mare
612 3286 724 3361 pondus
747 3286 858 3345 illorum
880 3285 979 3360 posset
999 3273 1142 3360 portare·

89 3369 161 3426 Cum
182 3379 284 3428 natura
306 3373 365 3429 eius
388 3374 424 3428 sit
446 3374 545 3431 eiicere
567 3373 759 3445 immunditias
782 3372 924 3448 quaslibet
946 3360 1146 3447 corporolefl’

87 3457 230 3531 quomodo
253 3460 458 3532 acquanimiter
479 3462 629 3519 sustineret
656 3466 750 3518 tantas
771 3459 965 3518 immunditias
987 3451 1150 3535 spirituss‘

105 3624 136 3692 1)
155 3633 188 3676 ut
215 3625 277 3677 liat
295 3642 336 3677 om
355 3626 382 3678 B.
402 3657 434 3664 —
453 3628 485 3695 2)
504 3628 522 3679 Ρ
540 3629 687 3680 occurrit
714 3628 749 3679 ei.
768 3658 801 3666 —
828 3629 860 3696 3)
878 3628 919 3680 BC
938 3604 1151 3697 diligant(3¹

156 3711 282 3748 consum
309 3695 464 3763 hominis,
498 3698 519 3750 D
547 3713 674 3750 causam
706 3697 844 3750 hominis
872 3697 1061 3767 diligenter.
1108 3685 1151 3711 κ

155 3765 248 3834 4)Βῦ
269 3767 413 3818 omnium.
