2438 4170
461 115 515 177 nn
535 83 806 178 onnnomnos.
938 162 946 167 .
1086 115 1146 175 aar

96 235 134 288 θΐ
146 239 341 301 wanninc
357 239 430 299 foret
449 239 499 299 illa
520 239 675 316 disciplina,
696 241 788 316 magis
803 237 1050 314 exemplosquam
1062 238 1150 299 verbo

96 325 256 402 ⁰⁸tendit3
284 332 313 388 et
333 345 353 386 a
373 325 438 387 loco
459 326 610 401 recedens,
641 328 670 384 in
693 325 819 402 quodam
841 325 946 384 ordinis
973 327 1063 385 nostri
1084 340 1149 384 mo·

94 415 238 474 macno
251 413 424 474 monachum
445 431 477 474 se
497 413 572 473 fecit
603 412 807 473 NOVICIUS:
828 411 975 473 Recordor
995 410 1150 472 nuncillo·

94 500 343 576 ¹¹1¹11duorum,
370 502 481 560 iuvenis
508 500 654 575 videlicet,
683 502 732 576 qui
757 498 836 576 apud
864 499 998 560 Toletum
1025 498 1152 560 defuncti

93 586 190 645 noeis
207 587 400 648 admonitione
421 605 576 648 conversus
602 594 658 661 est,
687 594 717 646 ct
737 587 856 646 alienus
877 586 985 661 clerici,
1013 588 1060 646 cui
1087 587 1151 645 visa

91 672 211 733 poena
229 673 397 751 Lantgravii
419 676 611 734 conversionis
634 690 721 733 causa
741 673 807 748 fuit,
833 675 907 733 sicut
929 673 1035 732 dictrrm
1057 679 1102 733 cst
1121 674 1151 731 in

91 743 294 847 &aaronem
314 764 406 838 prima
434 761 558 837 capitulo
590 762 733 821 tricesimo
763 762 846 819 tertio
868 767 897 820 et
918 759 1043 837 capitulo
1064 761 1151 820 trice-

90 845 190 908 ⁸1¹no
202 855 313 923 quarm.
345 846 580 908 MONACHUS:
603 847 751 907 Comedus
773 864 860 906 senex
877 847 1035 907 monachus
1054 853 1151 906 noster

88 930 211 994 ‘etun
229 935 308 1010 mihi,
328 951 361 995 sc
381 940 448 994 ante
463 935 678 994 conversionem
691 940 776 996 nocte
790 933 916 1010 quadam
935 936 966 992 in
986 932 1151 1010 plenilunio,

89 1002 327 1081 demonstrante
352 1021 408 1081 sibi
435 1021 561 1097 quodam
589 1020 691 1081 clerico
720 1023 943 1097 nigromantico,
975 1022 1004 1080 in
1033 1020 1152 1080 diversis

83 1088 213 1167 formis
233 1108 388 1168 daemones
408 1108 523 1167 vidisse.
565 1107 650 1168 Unde
679 1108 798 1168 dubium
819 1113 958 1184 nonest,
989 1109 1058 1184 quin
1079 1109 1152 1182 sint,

92 1194 167 1258 qui
186 1197 228 1256 sic
248 1195 286 1255 ab
299 1194 463 1254 hominibus
484 1194 583 1270 videri,
604 1194 696 1255 audiri
717 1200 747 1256 ct
762 1193 778 1275 ¹)
801 1196 897 1255 sentiri
916 1201 1047 1271 possunt
1079 1192 1152 1254 NO-

92 1263 264 1343 VICIUS:
285 1281 368 1342 Licet
389 1284 459 1342 satis
475 1283 546 1341 mihi
558 1283 711 1358 probatum
732 1276 777 1358 sit,
799 1281 953 1342 daemones
966 1298 1039 1358 csse,
1059 1283 1152 1358 magis
1208 1304 1213 1319 ⁴

96 1359 212 1429 tamen
234 1367 394 1429 delectarer
414 1369 451 1428 de
471 1368 517 1428 his
539 1371 700 1429 testimonia
712 1368 917 1446 religiosorum,
938 1386 1026 1445 quam
1047 1385 1152 1428 saecu·

98 1439 217 1514 larium
237 1455 344 1516 andire.
377 1454 610 1516 MONAGHUS:
633 1455 718 1533 Quod
730 1455 887 1516 daemones
904 1458 968 1531 sint,
990 1450 1051 1535 ct²)
1070 1455 1152 1514 multi

105 1537 180 1617 sint,
200 1559 258 1602 non
280 1541 383 1618 dubiis,
403 1543 455 1604 sed
467 1544 630 1618 verissimis,
650 1560 708 1603 non
724 1542 921 1618 saecularium,
942 1541 995 1602 scd
1012 1541 1152 1602 claustra-

107 1617 185 1688 lium
215 1645 402 1706 personarum
432 1630 485 1690 tibi
513 1628 662 1690 ostendam
694 1629 846 1706 exemplis,
878 1630 914 1690 de
946 1629 1051 1707 quibus
1082 1627 1153 1687 nihil

114 1717 230 1777 omino
253 1716 405 1776 dubitabis
1142 1723 1143 1727 ’

465 1905 697 1968 cnrmmuu
720 1874 798 1987 aa)
830 1872 833 1878 ’

189 2012 237 2072 De
258 2012 434 2072 Hermanno
456 2011 571 2072 Addaia
591 2013 666 2072 Loci
686 2019 806 2072 sanctae
827 2011 954 2086 Morino,
977 1986 1082 2088 quiin

335 2169 341 2188 .
367 2099 488 2159 doccia
517 2099 625 2176 fmvnie
647 2099 803 2159 doctisonas
823 2099 904 2160 cidit

159 2219 323 2281 Dominus
350 2219 532 2281 Hermannus
563 2238 640 2283 nunc
661 2221 766 2281 Abbas
785 2221 857 2281 Loci
884 2228 1002 2282 amotae
1029 2221 1154 2295 Mariae,

119 2314 243 2384 quantae
264 2309 302 2367 sit
321 2309 365 2367 vir
385 2307 585 2385 religiositatis,
607 2315 769 2385 quantaeve
790 2310 953 2385 gravitatis,
979 2309 1054 2369 bene
1070 2310 1154 2368 nosti

118 2392 177 2455 Isto
206 2401 274 2454 aute
302 2396 518 2455 conversionem
547 2394 685 2455 ecclesiae
705 2396 867 2455 Bonnensis
896 2402 957 2455 erat
985 2397 1154 2469 canonicus,

119 2482 162 2541 vit
181 2480 285 2541 nobilis
308 2487 336 2541 et
357 2480 393 2542 de
414 2480 473 2541 alto
495 2483 634 2559 sanguiue
654 2490 748 2542 natus.
779 2483 888 2541 Factus
910 2499 978 2541 vero
995 2480 1155 2541 monachus

117 2568 147 2628 iu
168 2566 396 2643 Hemmcnrode,
425 2586 484 2628 uon
505 2568 596 2628 multo
625 2575 691 2644 post
712 2586 779 2629 cum
801 2569 975 2628 emitteretur
996 2575 1155 2628 conventus

118 2661 216 2715 noster
236 2655 273 2717 dc
294 2654 396 2715 eodem
424 2655 558 2731 claustro,
578 2656 687 2731 primus
709 2653 849 2714 eiAbbas
871 2653 1006 2729 efficitur,
1035 2661 1064 2714 et
1089 2662 1155 2730 post

118 2759 212 2802 annos
232 2758 341 2818 paucos
361 2743 445 2801 nobis
458 2738 479 2821 ³)
501 2759 553 2817 per
566 2741 734 2801 electionem
747 2739 870 2816 ablatus,
891 2740 985 2801 eidem
1005 2742 1035 2800 in
1048 2740 1154 2802 Abba·

118 2834 177 2889 tom
198 2834 347 2905 promotus
367 2831 531 2888 restituitur.
573 2828 643 2887 Erat
670 2835 738 2889 trmc
764 2829 900 2903 temporis
920 2827 978 2887 illic
999 2843 1156 2889 conversus

118 2913 249 2991 quidam,
270 2914 411 2976 Heuricus
432 2916 554 2989 nomine,
575 2916 712 2991 magister
738 2913 887 2974 cuiusdam
908 2917 1059 2992 grangiae,
1080 2933 1155 2991 quae

118 3000 195 3063 Hart
215 3007 344 3077 vocetur,
365 3002 523 3062 virbonus
546 3009 575 3062 et
595 3003 696 3077 iustus,
717 3008 846 3061 maturus
867 3008 971 3076 aetate,
992 3009 1021 3063 et
1038 3019 1156 3079 corpore

118 3090 208 3166 virgo.
252 3088 311 3148 Iste
339 3091 412 3149 inter
440 3088 549 3164 reliqua
577 3087 668 3164 dona,
700 3105 774 3164 quae
802 3096 954 3165 acceperat
974 3106 993 3148 a
1014 3089 1155 3164 Domino,

117 3191 206 3252 saepe
228 3177 372 3235 nocturnis
395 3176 486 3250 horis,
514 3177 543 3233 in
565 3175 652 3236 choro
674 3170 847 3253 maxime⁴),
869 3177 898 3234 in
920 3175 1039 3237 diversis
1058 3176 1156 3236 formis

118 3261 275 3322 daemones
304 3262 459 3324 discurrere
472 3259 492 3343 ⁶)
522 3261 600 3322 vidit
642 3262 725 3324 Haec
755 3280 821 3323 cum
849 3263 878 3320 in
901 3263 1078 3323 consessione
1098 3265 1156 3322 iam

118 3348 196 3410 dicto
218 3349 361 3410 retulisset
378 3348 563 3427 Hermanno,
594 3348 669 3409 illius
698 3349 830 3426 exemplo
856 3348 972 3410 videndi
1001 3349 1155 3410 daemones

136 3483 170 3552 1)
187 3489 221 3533 et
237 3496 279 3534 om
296 3481 345 3534 BG.
364 3511 396 3521 -
415 3483 446 3550 2]
463 3481 484 3534 Β
503 3482 587 3551 quod
614 3481 804 3544 daemones,
830 3491 863 3534 et
886 3481 986 3550 quod,
1011 3481 1053 3536 ΟΒ
1071 3480 1155 3551 qnod

189 3550 363 3604 daemones
389 3552 468 3617 sint,
495 3553 589 3621 qnod.
608 3581 639 3591 -
664 3553 696 3620 *J
714 3551 803 3604 llonril.
821 3551 841 3603 l.
858 3567 883 3620 p.
902 3552 1048 3605 101-104.
1067 3581 1097 3591 —
1123 3551 1155 3618 3]

188 3620 283 3674 nobis
301 3620 350 3673 add
367 3621 459 3676 BQ-
478 3623 510 3689 4)
528 3621 569 3674 BC
586 3637 685 3688 saepe
702 3622 734 3673 in
752 3621 860 3686 choro,
877 3622 1047 3674 nocturnis
1063 3621 1156 3673 horis

189 3690 333 3743 maxime.
352 3721 382 3732 -
404 3691 435 3760 5)
452 3691 518 3744 ADP
535 3706 681 3755 currere3
699 3692 773 3760 paulo
791 3700 850 3760 post
867 3690 887 3745 Ο
904 3691 977 3743 lloc.
