2438 4170
389 232 446 294 DE
467 231 742 296 comestoris.
1023 234 1083 296 139

71 360 166 414 ructo.
205 354 272 431 Die,
293 361 326 415 ut
344 362 424 432 puto,
444 359 575 433 sequenti
596 356 727 417 dominus
740 354 843 415 Abbas
856 357 942 430 venit,
962 357 992 415 in
1004 358 1085 416 cuius

71 438 182 502 dream
201 442 259 502 Dei
279 443 470 503 misericordia
491 443 633 520 desperati
653 443 780 520 linguam
800 443 944 516 reseravit,
965 448 995 502 et
1016 459 1085 502 coe-

71 528 101 601 rt
129 528 256 588 confiteri
285 536 407 606 peccata
438 529 580 605 quaedam
611 529 742 589 mortalia
773 536 839 590 ante
872 531 1086 590 conversionem

71 617 221 691 tommissa,
247 634 322 692 quae
343 634 489 693 nunquam
510 619 538 676 ei
557 617 650 676 iuerat
671 617 825 676 confessus.
868 615 994 674 Territus
1014 632 1085 676 vero
1152 640 1156 651 ·

71 697 176 781 trba,
186 705 334 779 requisivit
352 705 376 762 si
391 720 518 778 uuquam
534 700 551 783 ¹)
573 703 674 763 eadem
685 704 784 762 luisset
799 703 945 762 confessus
957 708 1085 778 peccata

73 784 148 865 tta,
171 792 276 866 inquit,
303 788 468 850 Abbatibus
490 791 547 848 dixi
568 807 613 849 ea.
654 789 805 849 Habuerat
825 795 891 848 ante
912 791 1007 865 ipsum
1027 795 1085 849 tres

77 870 225 957 ilicem).
268 877 306 936 Et
327 879 401 935 sicut
420 876 516 935 retulit
536 877 619 943 nobis
640 876 743 936 Abbas
763 884 873 951 noster,
894 881 1009 952 propter
1028 875 1085 936 hoc

79 958 204 1032 doninus,
226 965 275 1039 qui
289 980 408 1040 magnos
423 966 483 1023 eius
497 963 610 1022 labores
624 965 755 1039 respexit,
776 980 809 1022 os
821 965 939 1038 aperuit,
960 968 993 1020 ut
1010 968 1086 1022 esset

81 1047 195 1115 messio
209 1052 271 1108 eius
285 1051 404 1126 integra.
435 1048 637 1111 NOVICIUS:
660 1048 736 1126 Quid
749 1052 773 1107 si
789 1049 851 1109 aliis
865 1047 1030 1108 Abbatibus
1049 1049 1086 1109 dc

84 1134 227 1211 mbpsdam
254 1138 380 1212 peccatis
401 1136 569 1196 mortalibus
597 1138 751 1196 novissimo
764 1133 785 1215 ³)
814 1135 949 1194 confessis
976 1135 1086 1194 Abbati

85 1220 236 1283 milimodo
252 1223 349 1298 aliqua
355 1218 378 1303 ⁴)
400 1239 435 1282 ex
448 1220 621 1282 verecundia
633 1222 827 1282 subticucrat‘?
849 1221 1084 1282 MONACHUS:

85 1302 144 1367 Sat
160 1308 215 1367 diri
233 1312 264 1368 in
277 1311 367 1385 primo
390 1308 514 1385 capittdo
535 1310 619 1382 buius
635 1309 829 1384 distinctionis,
850 1311 924 1368 sicut
945 1309 1084 1369 confessio

85 1388 149 1454 &bct
165 1393 253 1477 esse⁵)
275 1394 354 1454 nuda
375 1402 403 1454 ct
417 1396 522 1471 debita,
542 1399 583 1455 ita
597 1395 682 1456 debet
695 1413 757 1455 esse
770 1399 889 1473 integra,
910 1395 940 1454 id
962 1402 1013 1470 cst,
1026 1412 1085 1455 non

85 1492 121 1553 ptr
135 1481 222 1559 plures
238 1483 412 1542 confessores
427 1482 526 1542 divisa.
555 1482 631 1559 Quid
651 1482 776 1558 prodest,
796 1489 829 1541 ut
849 1485 890 1542 ait
902 1482 984 1542 Beda
998 1499 1085 1558 super

86 1560 175 1644 larum,
193 1571 294 1628 sitota
314 1571 413 1628 civitas
436 1569 618 1645 custodiatur,
639 1576 669 1629 et
681 1588 770 1628 unum
782 1570 918 1645 foramen,
938 1587 990 1646 per
1007 1568 1085 1644 quod

86 1646 158 1714 tuta
174 1657 285 1731 intrent,
308 1655 504 1732 relinquatur?
524 1655 604 1716 Audi
615 1656 684 1731 quid
706 1655 868 1715 dicatOzce
881 1656 1027 1733 Propheta
1048 1655 1084 1716 dc

86 1740 209 1817 mlplctm
223 1741 437 1803 confitentibus:
461 1741 609 1818 Ootltpata
628 1749 670 1802 eat
683 1746 824 1818 iniquitas
839 1742 992 1818 Ephraim,
1014 1741 1084 1801 aba·

86 1826 207 1888 mara
225 1837 378 1906 peccatam
407 1833 486 1904 σίκυς
515 1830 630 1888 dolores
649 1833 846 1905 partarientes
874 1833 990 1889 beabat
1018 1825 1084 1906 cti).

85 1903 152 1985 flictu
169 1912 269 1996 onim⁷)
291 1934 357 1976 eum
378 1915 463 1975 alicui
475 1915 625 1975 Abbatum
644 1918 785 1993 integram
805 1916 906 1975 iecisse
928 1916 1084 1976 confessio·

84 2006 140 2073 tm,
156 2006 218 2078 quia
233 2005 278 2063 vir
295 2002 497 2078 eratprudens,
519 2008 548 2061 et
567 2003 671 2063 multas
692 2005 723 2061 in
743 2003 792 2062 illo
810 2003 933 2062 vidimus
954 2005 1083 2063 virtutes.

83 2074 256 2150 lituum&
278 2089 310 2150 Si
328 2096 462 2165 peccaret
483 2089 620 2149 confitens
648 2107 715 2149 cum
736 2090 912 2164 confessore,
938 2095 1037 2171 posset
1057 2091 1084 2149 ei

81 2160 197 2236 waso
210 2176 312 2237 eadem
328 2176 454 2236 confiteri
463 2175 603 2251 peccata?
623 2175 859 2237 MONACHUS:
881 2176 959 2236 Talis
970 2177 1084 2236 confes·

79 2249 112 2311 ὓ
135 2262 205 2323 nulla
235 2275 294 2338 est,
324 2265 391 2338 quia
411 2263 489 2322 nulla
509 2264 550 2322 ibi
571 2264 779 2338 erubescentia,
806 2280 901 2339 neque
921 2262 1018 2338 aliqua
1044 2265 1085 2322 ibi

78 2330 233 2409 dmudantur
244 2356 373 2426 peccata.
404 2350 508 2409 Dicam
522 2351 574 2409 tibi
594 2367 645 2426 pro
659 2351 798 2427 exemplo,
820 2349 899 2410 etad
913 2350 1084 2409 solutionem

74 2422 131 2490 aas
141 2437 359 2514 interrogationis
369 2436 513 2512 quendam
523 2437 712 2496 miserabilem
719 2435 740 2518 ⁰)
754 2455 860 2512 casum,
873 2439 923 2513 qui
932 2443 999 2496 ante
1008 2454 1084 2512 pau-

71 2517 113 2572 ⁰⁰⁸
134 2538 214 2583 conos
229 2526 355 2600 contigit,
377 2541 463 2599 quern
478 2523 607 2582 dominus
620 2523 723 2583 Abbas
737 2523 931 2583 cisterciensis
952 2525 1084 2583 omnibus

71 2587 217 2670 libarius
237 2613 267 2669 in
288 2611 414 2688 generali
428 2610 559 2687 Capitulo
581 2610 645 2670 loco
657 2613 795 2671 sermonis
806 2613 943 2685 recitavit,
965 2627 1084 2670 monens

71 2682 90 2737 η
112 2695 209 2776 angult
229 2715 296 2757 eum
316 2697 464 2757 monacbis
484 2694 577 2778 suis⁹)
599 2697 638 2757 ad
659 2697 802 2758 cautelam
822 2697 965 2757 referrent

385 2886 617 2948 CAPITULUM
637 2887 756 2948 XXIV.

84 2976 138 3048 De
154 2990 324 3068 carfccoorc,
347 2995 399 3068 qai
419 3009 487 3051 cam
509 2993 688 3051 adolescente
704 2993 846 3067 peccavit,
869 2997 958 3067 atque
974 2997 1045 3068 pact

183 3085 307 3137 mortem
329 3079 372 3136 ool
391 3078 600 3156 confessionem
622 3079 745 3138 comm
766 3078 952 3138 hortabatur.

122 3195 153 3258 Iu
172 3198 306 3276 quodam,
326 3201 425 3276 inquit,
446 3201 617 3260 monasterio
639 3199 773 3260 sacerdos
798 3199 914 3276 quidam
926 3217 1018 3277 nuper
1030 3197 1084 3259 de·

71 3368 109 3449 ¹³
122 3381 570 3507 {reticulatum
593 3386 739 3522 uui·
758 3385 1083 3524 ··,²trb¹aru

124 3525 188 3576 -4
222 3523 330 3592 aliqua
348 3540 388 3576 orn
406 3524 476 3577 0.-
496 3526 527 3593 5)
545 3524 586 3577 ΑΡ
604 3541 677 3576 essc
695 3524 805 3588 debet,
822 3525 863 3576 bic
881 3534 907 3576 et
924 3525 998 3592 paulo
1017 3533 1082 3592 post.

124 3594 188 3645 -6
222 3593 282 3646 0se.
301 3593 347 3659 13,
362 3590 406 3645 tt.
427 3595 467 3647 13.
486 3624 517 3635 -
546 3594 751 3662 7)liautcrn;
779 3595 823 3646 sed
845 3595 933 3646 codem
958 3595 1034 3647 modo
1057 3596 1082 3646 in

122 3661 210 3715 lionil.
234 3662 274 3714 lV.
289 3679 322 3784 ὅ.
341 3664 383 3715 44.
418 3664 476 3716 llox
499 3679 567 3715 eum
594 3663 643 3715 odd
667 3663 716 3717 ΒΟ.
735 3693 765 3704 -
794 3664 862 3733 8)Ρ
886 3664 1083 3728 mirabilem3

153 3731 196 3784 ulo
213 3740 273 3800 poet
326 3748 575 3801 auuospoucos.
594 3763 625 3774 -
644 3733 1083 3803 monstruosissumam,

160 3816 230 3856 oum
253 3802 322 3856 sais
339 3803 520 3870 monacbis,
537 3802 558 3856 B
576 3805 645 3856 suis
666 3803 843 3858 monacbis.
