2438 4170
421 703 771 875 onnsnnu

251 1017 295 1110 n
326 1011 566 1111 nrrnocun
596 1008 941 1108 nrnnounnnn

393 1237 799 1322 PROLOGUS.
957 1156 962 1169 Ι

514 1443 671 1500 ᾧ

143 1689 287 1822 Collipito
314 1745 486 1823 fropmento
514 1766 551 1805 nc
574 1753 702 1821 pereant
718 1743 746 1824 9.
793 1744 866 1804 (ium
888 1762 924 1804 ex
946 1743 1042 1804 debito
1064 1746 1116 1807 in-.

76 1826 191 1910 iunctee
222 1851 418 1910 sollicitudinis
446 1851 543 1926 aliqua
572 1867 608 1910 ex
626 1850 686 1908 'his
716 1829 848 1926 quaein
883 1849 980 1909 ordine
1012 1855 1111 1908 nostro

77 1956 179 2015 nostris
199 1955 376 2031 temporibus
409 1955 577 2014 miraculose
609 1961 691 2031 gesta
720 1961 787 2014 sunt
815 1961 844 2014 et
871 1954 997 2030 quotidie
1025 1952 1111 2026 fiunt,

74 2062 224 2121 recitarem
245 2062 379 2136 noviciis,
408 2067 525 2137 rogatus
554 2079 618 2120 sum
640 2077 658 2119 a
680 2059 852 2135 quibusdem
862 2056 884 2140 ²)
914 2077 981 2119 cum
1001 2061 1112 2118 instan-

74 2167 116 2224 tia
136 2163 243 2239 multe,
277 2164 378 2223 eadem
406 2167 510 2240 scripto
542 2170 721 2240 perpetuare.
763 2163 908 2223 Dicebant
936 2165 1012 2223 enim
1040 2164 1132 2239 irre·¹

75 2269 240 2346 cuperabile
273 2269 334 2329 fore
371 2268 522 2343 damnum,
561 2271 585 2327 si
625 2285 661 2328 ea
686 2271 810 2345 perirent
841 2287 892 2345 per
925 2268 1113 2341 oblivionem,

75 2391 151 2448 queo
181 2376 304 2450 posteris
341 2390 403 2433 esse
434 2380 567 2449 poterant
606 2373 644 2433 ad
672 2373 909 2432 aedificationem.
965 2371 1039 2430 Cum
1072 2370 1111 2430 ad
1175 2368 1178 2375 ’

74 2477 130 2536 hoc
151 2478 245 2536 minus
266 2493 359 2536 essem
379 2485 509 2553 paratus,
538 2483 599 2535 tum
627 2485 743 2554 propter
762 2477 857 2536 Latini
886 2478 1024 2536 sermonis
1045 2478 1111 2533 ino-

73 2582 165 2659 piam,
192 2587 254 2640 tum
274 2588 390 2657 propter
416 2582 577 2641 invidorum
598 2581 817 2656 detractionem,
847 2582 968 2639 accessit
988 2578 1113 2638 Abbatis

75 2688 132 2747 mei
152 2687 313 2762 imperium,
334 2703 388 2745 nec
408 2703 468 2745 non
481 2685 644 2744 etAbbetis
665 2686 737 2745 Loci
749 2693 866 2744 sanctae
876 2684 986 2744 Mariae
999 2680 1019 2763 ³)
1043 2699 1114 2744 oon-

95 2871 126 2938 1)
142 2870 231 2924 Jolran.
250 2871 280 2936 6,
299 2871 340 2923 12.
363 2871 495 2926 Caesarius
518 2873 544 2923 in
567 2871 657 2924 llonril.
679 2871 709 2923 ll.
733 2888 758 2939 p.
782 2871 830 2922 71:
867 2871 1033 2939 „Fragmenta
1057 2878 1115 2921 sunt
1162 2917 1170 2922 .

145 2960 266 3010 memoria
290 2957 366 3027 digna
388 2961 508 3011 virtutum
532 2959 660 3025 exempla:
684 2958 716 3009 de
740 2957 830 3026 quibus
854 2960 960 3009 maxima
984 2957 1114 3026 diligentia

145 3044 222 3096 debet
241 3060 297 3096 esse
315 3046 438 3112 praelato,
456 3056 483 3098 ut
495 3044 619 3114 aliquibus
638 3045 757 3096 iratribus
775 3045 880 3096 literatis
898 3043 939 3096 illa
957 3060 1003 3111 per
1021 3045 1113 3110 scripta

146 3132 265 3201 colligere
283 3135 434 3200 praecipiet,
461 3150 494 3184 ne
518 3149 564 3200 per
587 3132 736 3184 oblivionem
754 3141 867 3199 perenni.
903 3132 958 3200 Ego
991 3130 1113 3199 siquidem

145 3219 245 3274 abbate
263 3236 320 3272 rneo
337 3222 516 3288 praecipiente,
534 3229 559 3270 et
577 3220 680 3270 fratrum
700 3221 803 3271 caritate
820 3220 965 3287 instigante,
982 3218 1113 3270 duodecim

146 3307 278 3374 sportellas
296 3308 398 3374 implevi
415 3325 447 3358 ex
464 3308 612 3376 fragmentis
629 3306 787 3372 huiusmodi,
804 3305 930 3375 dialogum
948 3322 979 3358 ex
997 3308 1034 3357 eis
1052 3322 1114 3357 oon-

145 3393 401 3446 iiciendo'duodecim
419 3394 631 3445 distinctionum.“
652 3424 682 3434 —
702 3393 734 3462 2)
752 3393 772 3446 G
789 3393 881 3445 multis.
901 3424 931 3434 -
951 3393 983 3462 3)
1000 3394 1049 3445 hoc
1066 3402 1114 3456 est,

146 3483 312 3543 llarlenstatt,
328 3483 355 3532 in
373 3481 566 3534 Westerwaldia
589 3497 669 3548 prope
691 3480 872 3550 llachenburg:
897 3479 929 3531 de
947 3497 995 3548 qua
1014 3480 1114 3533 abbatie

146 3569 205 3622 vide
231 3570 261 3623 Α.
285 3569 425 3622 liauimenn
447 3570 474 3620 in
497 3568 561 3620 libro
583 3569 641 3620 ol.
660 3569 766 3632 letech,
793 3569 897 3620 Bonnae
919 3567 1001 3632 1843,
1030 3566 1113 3618 edito:

146 3657 393 3710 lliederrheiniaclree
410 3655 536 3710 Jahrbuch
555 3656 595 3708 iiir
613 3655 770 3722 Geschiohte,
788 3666 836 3707 etc.
855 3655 873 3705 1.
892 3670 917 3722 p.
936 3653 997 3706 115.

835 3732 859 3807 l
