2460 4162
134 231 197 291 aro
435 229 663 293 nrsrnrcrro
679 231 845 310 QUARTA
898 214 906 223 '

134 359 164 412 et
190 348 375 412 succiduntur
400 370 452 429 per
478 360 608 413 mortem.
651 353 780 430 Utraque
806 356 866 414 vita
892 352 989 414 brevis
1018 361 1080 430 est,
1109 356 1172 417 sire

134 441 292 498 monastica
314 442 366 513 sit,
397 442 458 500 sive
480 441 642 500 saecularis.
684 441 739 500 Illa
759 443 789 499 in
808 442 952 517 praesenti
970 442 1092 517 spinosa
1112 449 1171 518 est,

132 543 184 601 per
206 525 311 584 ordinis
331 529 469 603 rigorem,
497 527 654 603 inaequalis
681 545 733 603 per¹
753 526 951 587 multimodam
971 529 1171 607 tentationem,

131 611 226 687 lutosa
256 630 308 689 per
342 613 531 672 humilitatem
562 615 760 688 subiectionis,
793 620 915 691 angusta
941 631 993 691 per
1020 617 1170 676 raritatem

132 699 309 758 voluntariae
329 703 515 776 paupertatis.
557 699 690 776 Angusta
712 703 842 776 catria,
864 717 938 776 quae
960 700 1038 760 ducit
1059 701 1101 762 ad
1121 703 1169 762 vi·

132 792 192 844 tam
208 782 238 864 ¹),
261 804 334 862 quae
356 804 407 861 per
429 786 576 846 dexteram
598 787 745 868 designata
767 793 818 846 est
862 786 987 862 Campus
1008 804 1079 848 vero
1101 787 1169 848 lon·

131 890 186 948 gns
208 879 237 931 et
257 890 403 947 amoenus,
424 873 573 948 paradisus
595 880 645 948 est,
669 871 783 955 qua'm²)
805 891 857 949 per
877 873 981 933 multas
1001 873 1168 936 tribulatio-

131 975 183 1018 nes
213 956 324 1034 oportet
352 977 404 1018 nos
432 962 546 1019 introire
554 956 584 1039 ³).
637 960 762 1029 Eeontra
794 963 856 1020 vita
884 961 1037 1020 saecularis
1077 967 1169 1037 atque

133 1046 262 1120 earnalis,
284 1063 371 1121 qnam
392 1048 506 1106 sinistra
527 1046 663 1123 designat,
686 1064 720 1107 eo
743 1047 820 1123 quod
840 1046 878 1106 ad
899 1049 1041 1107 sinistram
1060 1046 1169 1109 Christi

131 1135 160 1190 in
182 1150 213 1192 se
234 1132 395 1208 gradientes
418 1133 511 1207 ducat,
534 1151 600 1192 cum
621 1133 720 1193 haedis
748 1133 930 1208 iudicandos,
958 1136 988 1192 in
1019 1132 1167 1209 praesenti

132 1219 284 1278 commoda
306 1226 362 1295 est,
385 1220 422 1279 ob
446 1222 537 1279 carnis
559 1224 734 1294 necessaria,
765 1220 853 1295 plana
873 1226 989 1295 propter
1008 1238 1167 1297 prospera,

131 1309 208 1365 sicca
228 1312 345 1382 propter
365 1306 595 1381 inobedientiam,
616 1304 677 1365 lata
698 1317 726 1366 et
747 1308 821 1366 bene
843 1310 915 1380 trita,
937 1323 971 1366 eo
994 1307 1168 1383 quodmulti

131 1392 279 1452 ambulent
300 1411 351 1467 per
373 1410 452 1469 eam,
485 1393 619 1452 deliciosa
639 1399 755 1469 propter
776 1396 1035 1469 concupiscentiam
1061 1394 1168 1455 oculo·

131 1497 202 1538 rum.
245 1479 280 1537 In
301 1479 378 1538 hunc
398 1479 516 1539 modum
537 1482 630 1538 visum
650 1483 847 1556 interpretans,
872 1498 891 1539 a
912 1483 1068 1542 tentatione
1090 1498 1168 1558 apo·

131 1568 236 1626 stasiae
258 1565 393 1625 liberatus
415 1573 459 1625 est
486 1573 572 1642 atque
594 1585 612 1625 a
633 1567 862 1642 pusillanimitate
892 1569 1005 1642 spiritus
1036 1573 1067 1626 et
1088 1575 1167 1628 tcm-

130 1649 280 1732 pestate⁴).
322 1651 525 1713 NOVIGIUS:
558 1653 633 1712 Satis
656 1660 699 1712 est
720 1653 862 1728 mirabile,
891 1653 968 1729 quod
989 1654 1072 1714 Deus
1103 1661 1168 1716 tam

131 1739 283 1799 efficaciter
304 1743 433 1815 spiritum
452 1743 566 1799 instruit
585 1740 707 1800 hominis
724 1740 895 1799 dormientis.
928 1739 1167 1803 MONACHUS:

130 1826 276 1887 Recordor
296 1844 378 1895 nunc
394 1827 542 1886 cuiusdam
562 1829 683 1902 novicii,
702 1827 845 1904 vigilando
868 1827 983 1903 quidem
1003 1829 1076 1888 satis
1097 1834 1165 1889 ten-

131 1916 197 1988 tati,
224 1923 253 1972 et
280 1930 332 1988 per
360 1916 454 1973 visum
482 1919 652 1974 nocturnum
674 1931 730 1973 nou
752 1916 853 1974 minori
874 1917 978 1974 vinute
999 1914 1036 1974 ab
1060 1915 1167 1976 mdem

130 2003 286 2059 tentatione
307 2000 427 2059 liberati.
1011 1992 1014 1997 ’

475 2189 708 2251 CAPITULUM
735 2191 814 2250 LIV.

112 2301 115 2310 ’
173 2278 248 2370 Item
270 2313 305 2370 de
328 2310 462 2371 Gerunda
483 2317 598 2372 novicio
619 2317 651 2370 io
672 2314 767 2386 Alae,
791 2317 843 2390 qui
858 2333 915 2389 per
927 2300 1067 2372 'Alleluia
1087 2318 1121 2374 iu

225 2403 333 2457 somate
356 2396 533 2476 auditum⁵)‚
557 2417 576 2457 α
599 2403 758 2459 tentatione
779 2419 835 2459 sua
856 2400 996 2460 liberatus
1018 2407 1068 2459 cst.

193 2536 270 2596 Aina
292 2537 392 2597 domus
426 2546 469 2597 est
498 2539 604 2598 ordinis
630 2541 719 2598 nostri
746 2542 776 2598 in
796 2529 959 2618 Flandria⁶)
981 2541 1050 2613 sita,
1081 2541 1166 2598 cuius

129 2627 302 2684 mentionem
324 2626 378 2685 ieci
399 2628 429 2684 iu
452 2625 640 2685 distinctione
654 2629 746 2700 prima
767 2626 890 2701 capitulo
913 2632 1003 2684 sexto.
1046 2625 1084 2683 In
1105 2625 1166 2686 hac

129 2719 195 2772 unte
216 2729 274 2770 non
295 2713 399 2771 multos
422 2730 511 2772 annos
532 2713 613 2771 miles
636 2712 751 2789 quidam
771 2713 873 2772 nobilis
886 2711 1030 2772 Gerardus
1045 2713 1166 2773 nomine

12 2803 15 2809 '
130 2798 165 2856 de
179 2807 282 2858 castro
303 2800 396 2858 Tuino
420 2800 568 2875 oriundus,
601 2817 755 2858 conversus
778 2807 829 2858 est.
874 2799 1003 2874 Cumque
1030 2800 1165 2859 novicius

128 2887 157 2943 in
180 2885 266 2944 choro
288 2889 465 2945 noviciorum
487 2893 583 2961 staret,
606 2893 634 2944 et
656 2886 792 2945 clamores
813 2885 1164 2945 monachoruminehoro

129 2974 265 3046 superiori
279 2968 297 3050 ⁷)
321 2991 406 3048 super
428 2979 514 3048 caput
536 2991 620 3031 suum
642 2976 816 3032 cantantium
836 2974 996 3047 frequenter
1010 2971 1166 3048 eiciperet,

128 3060 231 3116 tentari
253 3061 355 3134 coepit,
386 3058 518 3134 Amplius
540 3066 636 3119 tamen
658 3066 744 3135 eaput
761 3061 1008 3132 eiusturbabatrn,
1029 3061 1166 3137 quotiens

128 3143 252 3203 Alleluia
281 3146 457 3205 cantabatur.
499 3145 535 3204 In
567 3147 615 3206 illo
644 3149 766 3205 maxime
795 3163 883 3205 voces
912 3147 1029 3205 exaltari
1060 3145 1165 3205 solent

128 3230 166 3288 Et
186 3230 278 3290 factus
301 3249 336 3289 ex
358 3232 413 3291 hoc
435 3232 636 3308 pusillanimis,
668 3236 788 3293 accessit
816 3234 853 3292 ad
882 3233 1025 3306 Priorem,
1054 3238 1085 3292 et
1106 3233 1165 3291 ait:

128 3317 251 3377 Domino
273 3319 362 3392 Prior,
385 3325 471 3394 caput
492 3337 589 3378 meum
612 3317 740 3400 doleo⁸),
761 3337 815 3378 nec
837 3320 943 3379 diutius
965 3325 1077 3378 tantum
1100 3318 1165 3380 cla-

129 3421 237 3463 morem
258 3422 344 3480 super
366 3411 569 3481 caputmeum
590 3407 710 3466 tolerare
731 3413 839 3481 potero.
884 3406 937 3466 Oui
957 3407 1038 3465 Prior
1069 3406 1167 3466 verba

148 3520 178 3587 1)
196 3520 282 3572 llattlr.
302 3523 327 3583 7,
347 3521 431 3571 14.-
450 3522 482 3588 2)
500 3522 541 3574 BG
558 3539 696 3590 quem-
710 3523 773 3590 3)Β
793 3526 932 3587 intrare,
949 3526 1017 3574 iuxta
1034 3521 1093 3574 Act.
1113 3522 1165 3586 14,

197 3590 239 3641 21.
258 3620 290 3628 -
309 3591 341 3657 t]
360 3590 423 3641 Psal.
443 3592 485 3655 54,
502 3593 527 3643 9.
544 3620 574 3631 -
594 3593 626 3660 5)
643 3592 727 3645 ACDP
745 3592 907 3645 audito.—
927 3593 959 3659 6)
976 3594 1035 3656 imo,
1052 3593 1079 3642 in
1098 3592 1166 3645 Bra-

196 3659 289 3710 bentia.
314 3659 333 3711 G
354 3661 385 3710 in
409 3660 609 3727 Episcopatu
633 3663 815 3713 leodiensi.
835 3694 864 3702 -
893 3663 925 3730 7)
948 3661 989 3713 BG
1010 3663 1041 3712 iu
1065 3677 1167 3729 snpe-

197 3732 278 3781 riori
295 3729 404 3780 choro.
416 3759 445 3769 —
466 3731 498 3797 8]
515 3730 568 3793 vn,
582 3732 630 3782 24:
650 3747 716 3796 „non
728 3730 824 3784 dolebis
835 3735 935 3799 caput.“
954 3732 1003 3784 vu.
1016 3730 1041 3783 S.
1052 3730 1164 3803 Engelb.

196 3799 238 3864 lll,
255 3801 300 3851 45:
321 3800 414 3866 „irater
431 3798 496 3851 adeo
514 3799 592 3852 doluit
609 3800 722 3854 dentes.“
