2438 4170
89 224 153 292 aro
403 223 805 305 orsumcuroeomun

411 450 642 512 CAPITULUM
669 447 803 513 XXVH.

175 609 224 670 Dc
246 608 422 668 Tluodcrico
444 625 591 682 cennaco,
620 587 707 685 quern
728 607 865 668 diabolus
887 609 1037 668 transtulit

192 694 196 701 '
406 696 490 754 ultra
511 699 658 755 civitatem
678 695 806 754 Lubcclt.

154 850 348 911 Theodericus
370 850 545 910 Susacicnsis
568 868 721 910 conversus
741 856 855 925 noster,
880 852 955 911 sicut
974 850 1009 910 ab
1021 845 1037 931 ¹)
1058 856 1113 914 eius

90 956 139 1000 ore
161 939 273 1013 audivi,
302 955 367 997 cum
397 945 472 997 esset
500 940 624 1012 iuvenis,
645 937 771 1013 puellam
793 937 940 1012 quandam
959 940 989 996 in
1008 939 1105 999 duan

89 1024 210 1086 Lubech
238 1026 310 1084 alter
336 1025 453 1100 quidam
476 1027 586 1083 iuvenis
608 1026 634 1083 ei
654 1026 840 1100 morabatur,
868 1024 1021 1085 secundum
1038 1020 1124 1100 quod*

89 1112 129 1171 illi
162 1115 339 1188 promiserat.
380 1112 502 1171 Femina
533 1114 741 1187 consentiente,
773 1129 840 1171 cum
868 1110 1049 1171 Theodericus
1068 1124 1096 1168 sc

90 1201 151 1260 eius
180 1200 334 1260 concubitu
359 1200 402 1256 uti
427 1205 583 1274 sperasset,
616 1200 712 1258 ‘socius
740 1199 800 1256 eius
833 1199 860 1256 ei
868 1193 888 1277 ²)
916 1197 1038 1272 illudens,
1062 1192 1092 1255 ad

88 1286 317 1346 illamaccessit.
360 1284 424 1360 Quo
454 1287 582 1360 cognito,
610 1286 698 1343 iratus
727 1285 811 1342 dixit:
841 1284 981 1344 Diabolus
1003 1285 1042 1361 qui
1056 1296 1091 1341 me

89 1372 146 1432 hue
167 1373 300 1446 adduxit,
321 1372 425 1447 poterit
445 1389 491 1430 me
514 1374 599 1430 etiam
621 1372 687 1431 hinc
709 1371 854 1430 reducere.
896 1371 967 1431 Mox
985 1372 1089 1430 indtctu

89 1460 178 1533 affuit,
198 1459 343 1518 hominem
364 1460 458 1534 rapuit
480 1461 558 1517 etin
583 1475 650 1517 aera
677 1458 800 1531 levavit,
833 1463 863 1516 et
882 1457 959 1518 ultra
976 1459 1089 1517 nuncu

88 1546 275 1621 transferens,
296 1547 375 1603 iuxta
396 1548 487 1620 ripam
510 1545 658 1604 cuiusdam
678 1545 758 1604 lacus
777 1544 959 1604 incommode
978 1546 1036 1605 satis
1051 1540 1094 1600 de·

89 1635 194 1710 posuit
253 1632 303 1690 Ad
332 1649 417 1706 quem
449 1633 491 1691 sic
524 1634 577 1690 ait:
617 1632 648 1691 Si
674 1649 731 1690 non
770 1648 943 1706 quocunque
974 1628 1087 1690 modoto

87 1723 241 1797 signasses,
262 1718 348 1777 modo
362 1718 529 1777 occidissem
550 1725 587 1777 te.
620 1719 754 1777 Tenuiter
768 1720 844 1776 enim
866 1724 895 1777 et
910 1713 1088 1794 iniperiectciu

88 1809 151 1884 ipso
172 1813 257 1882 raptu
278 1808 391 1881 signum
423 1806 477 1864 sihi
499 1808 589 1865 crucis
616 1807 805 1880 impresserat.
848 1804 988 1865 Dimissus
1007 1822 1022 1863 a
1038 1800 1087 1860 det-

89 1911 189 1967 mone‚
220 1899 280 1951 tam
306 1894 430 1967 graviter
459 1892 574 1967 cecidit,
606 1895 689 1950 utin
717 1899 793 1950 terra
824 1894 886 1951 sine
915 1909 997 1952 sensu
1020 1892 1088 1948 locut

89 1982 258 2056 sanguinem
277 1986 414 2038 vomeret.
456 1978 587 2037 Tandem
608 1979 815 2053 aliquantulum
836 1980 940 2046 vidum
963 1986 1088 2044 resument,

90 2067 222 2125 manibus
248 2066 426 2141 pedibusque
452 2065 590 2140 reptando
613 2065 650 2123 ad
672 2084 778 2140 aquam
799 2068 891 2140 venit,
919 2067 1014 2125 faciem
1035 2058 1088 2130 lodi,
1112 2112 1118 2121 .

90 2159 176 2228 atque
200 2170 234 2210 ex
256 2170 290 2211 ea
312 2153 428 2226 bibens,
461 2169 526 2210 cum
554 2152 643 2210 multo
672 2152 770 2210 labore
799 2152 837 2210 ad
867 2153 1015 2227 hospitium
1030 2159 1088 2207 suun

89 2242 227 2316 pervenit.
269 2240 419 2315 ingressus
442 2238 573 2312 domum,
596 2255 663 2296 mox
685 2246 717 2296 ut
738 2239 834 2297 lumen
857 2242 974 2315 aspexit,
993 2230 1087 2296 secundo

90 2330 119 2385 in
142 2343 290 2385 excessum
311 2328 374 2384 ruit.
417 2326 546 2384 Vocatus
569 2332 612 2383 est
633 2326 780 2399 sacerdos,
811 2329 859 2400 qui
886 2328 993 2384 initium
1016 2323 1087 2381 Esau·

89 2415 156 2490 gelii
176 2413 316 2471 Johannis
329 2409 349 2491 ³)
371 2429 456 2486 super
485 2430 550 2470 eum
571 2412 654 2487 legit,
683 2412 802 2487 aliisque
829 2413 999 2471 orationibus
1018 2411 1088 2467 eorm

89 2504 227 2576 impetum
238 2496 259 2579 Λ)
283 2499 389 2557 diaboli
408 2499 488 2556 illum
502 2501 631 2557 munivit.
663 2499 770 2557 Postea
789 2517 841 2573 per
861 2516 966 2557 aunum
981 2501 1088 2570 integrum

88 2590 129 2647 ita
152 2605 254 2663 corpus
273 2589 332 2645 eius
347 2592 438 2644 totum
452 2593 512 2643 erat
532 2585 692 2659 tremulum,
716 2592 748 2643 ut
762 2586 904 2661 scyphum
925 2602 1006 2644 manu
1019 2589 1089 2639 tenere

89 2692 146 2733 non
163 2680 262 2750 posset
277 2673 315 2732 ad
330 2673 500 2731 bibendum!
522 2672 681 2730 Ecclesiam
697 2676 786 2731 sancti
803 2673 953 2748 Nycholai,
971 2670 1089 2738 omneque

90 2764 213 2820 civitatis
234 2760 376 2832 aedilicia,
397 2758 466 2817 lune
487 2759 666 2833 splendente,
689 2776 754 2817 cum
776 2778 794 2818 a
816 2759 930 2819 diobolo
951 2758 1089 2834 porcarella

90 2855 119 2906 et
138 2847 278 2923 portando
302 2848 547 2920 comprimeretur,
575 2845 733 2904 sevidisse
762 2852 890 2904 testatur.
932 2845 1020 2906 Simile
1036 2850 1090 2914 pent

89 2934 180 2993 hahes
201 2952 287 3009 supra
306 2935 484 2993 distinctione
511 2934 594 2991 tertia
623 2933 746 3006 capitulo
768 2933 918 2991 undecimo
941 2933 975 2991 de
994 2926 1090 2988 uento

90 3023 153 3079 cive
174 3020 350 3094 Susaciensi,
376 3038 460 3094 quem
483 3019 612 3077 diabolus
634 3025 720 3077 noctu
742 3022 771 3076 iu
791 3020 853 3078 loro
876 3022 974 3094 rapuit,
995 3023 1020 3076 et
1036 3011 1091 3072 um

89 3109 292 3165 monasterium
321 3109 410 3165 sancti
432 3104 558 3165 Patrocli
579 3105 746 3163 translatum
774 3107 802 3162 in
831 3107 949 3180 pasculo
980 3097 1092 3178 deposuit.

90 3194 164 3251 Tam
185 3194 261 3251 mala
289 3196 364 3252 euim
386 3199 494 3251 ettam
516 3199 657 3250 venenata
679 3199 720 3249 est
746 3192 918 3252 daemonum
945 3199 1048 3262 natue,
1068 3187 1092 3241 lli

90 3279 152 3339 solo
173 3279 285 3338 illorum
306 3281 408 3338 intuitu
430 3295 516 3355 saepe
538 3279 666 3337 homines
689 3287 914 3355 corrumpantur.

107 3656 138 3725 1)
156 3655 177 3708 Β
195 3671 240 3708 ex.
259 3687 291 3696 -
310 3657 342 3725 2)
359 3656 379 3708 u
398 3659 509 3709 socius
527 3659 611 3722 eius,
629 3657 693 3711 ADP
711 3658 820 3709 socius
838 3659 882 3720 εἰς
898 3671 956 3708 mox
972 3653 990 3705 P
1009 3660 1097 3704 occet·

158 3727 200 3779 sit
218 3723 256 3778 ad
273 3725 369 3777 illam.
389 3757 419 3767 —
440 3728 471 3795 3)
488 3727 509 3780 D
528 3730 655 3780 initium
680 3731 786 3780 sancti
803 3727 957 3780 iohannis
973 3723 1098 3788 Evange-

154 3797 200 3850 lii.
222 3826 252 3837 -
271 3797 303 3866 4)
320 3795 385 3850 ADP
406 3799 554 3866 impetus.
