<?xml version="1.0" encoding="UTF-8"?>
<!DOCTYPE html PUBLIC "-//W3C//DTD XHTML 1.0 Transitional//EN"
    "http://www.w3.org/TR/xhtml1/DTD/xhtml1-transitional.dtd">
<html xmlns="http://www.w3.org/1999/xhtml" xml:lang="en" lang="en">
 <head>
  <title>
</title>
<meta http-equiv="Content-Type" content="text/html;charset=utf-8" />
  <meta name='ocr-system' content='tesseract 3.04.00' />
  <meta name='ocr-capabilities' content='ocr_page ocr_carea ocr_par ocr_line ocrx_word'/>
</head>
<body>
  <div class='ocr_page' id='page_1' title='image "./caesariiheister00stragoog_0033.png"; bbox 0 0 2438 4170; ppageno 0'>
   <div class='ocr_carea' id='block_1_1' title="bbox 142 225 842 309">
    <p class='ocr_par' dir='ltr' id='par_1_1' title="bbox 142 225 842 309">
     <span class='ocr_line' id='line_1_1' title="bbox 142 225 842 309; baseline 0.001 -2"><span class='ocrx_word' id='word_1_1' title='bbox 142 248 180 308; x_wconf 84' lang='lat' dir='ltr'>rs</span> <span class='ocrx_word' id='word_1_2' title='bbox 466 225 842 309; x_wconf 76' lang='lat' dir='ltr'>ursumcmouumu</span> 
     </span>
    </p>
   </div>
   <div class='ocr_carea' id='block_1_2' title="bbox 137 365 1176 1318">
    <p class='ocr_par' dir='ltr' id='par_1_2' title="bbox 137 365 1176 1318">
     <span class='ocr_line' id='line_1_2' title="bbox 138 365 1176 451; baseline 0 -21"><span class='ocrx_word' id='word_1_3' title='bbox 138 388 205 446; x_wconf 87' lang='lat' dir='ltr'>spes</span> <span class='ocrx_word' id='word_1_4' title='bbox 221 367 247 451; x_wconf 87' lang='lat'>¹),</span> <span class='ocrx_word' id='word_1_5' title='bbox 267 373 405 446; x_wconf 79' lang='lat' dir='ltr'>negatum</span> <span class='ocrx_word' id='word_1_6' title='bbox 426 374 469 427; x_wconf 91' lang='lat' dir='ltr'>est</span> <span class='ocrx_word' id='word_1_7' title='bbox 491 372 531 428; x_wconf 91' lang='lat' dir='ltr'>eis</span> <span class='ocrx_word' id='word_1_8' title='bbox 554 368 630 446; x_wconf 93' lang='lat' dir='ltr'>quod</span> <span class='ocrx_word' id='word_1_9' title='bbox 644 371 838 446; x_wconf 85' lang='lat' dir='ltr'>postulabant</span> <span class='ocrx_word' id='word_1_10' title='bbox 882 369 946 430; x_wconf 91' lang='lat' dir='ltr'>Uno</span> <span class='ocrx_word' id='word_1_11' title='bbox 968 368 1134 430; x_wconf 85' lang='lat' dir='ltr'>discedente</span> <span class='ocrx_word' id='word_1_12' title='bbox 1145 365 1176 451; x_wconf 88' lang='lat'>²),</span> 
     </span>
     <span class='ocr_line' id='line_1_3' title="bbox 139 455 1176 534; baseline 0 -18"><span class='ocrx_word' id='word_1_13' title='bbox 139 457 218 530; x_wconf 85' lang='lat' dir='ltr'>alter,</span> <span class='ocrx_word' id='word_1_14' title='bbox 240 458 286 515; x_wconf 92' lang='lat' dir='ltr'>cui</span> <span class='ocrx_word' id='word_1_15' title='bbox 306 473 410 515; x_wconf 89' lang='lat' dir='ltr'>nomen</span> <span class='ocrx_word' id='word_1_16' title='bbox 433 465 492 515; x_wconf 84' lang='lat' dir='ltr'>erat</span> <span class='ocrx_word' id='word_1_17' title='bbox 517 455 677 533; x_wconf 85' lang='lat' dir='ltr'>Goswinus,</span> <span class='ocrx_word' id='word_1_18' title='bbox 699 460 913 534; x_wconf 77' lang='lat' dir='ltr'>importunitate</span> <span class='ocrx_word' id='word_1_19' title='bbox 934 476 988 516; x_wconf 89' lang='lat' dir='ltr'>sua</span> <span class='ocrx_word' id='word_1_20' title='bbox 1008 462 1042 516; x_wconf 87' lang='lat' dir='ltr'>ut</span> <span class='ocrx_word' id='word_1_21' title='bbox 1062 459 1176 533; x_wconf 89' lang='lat' dir='ltr'>recipe-</span> 
     </span>
     <span class='ocr_line' id='line_1_4' title="bbox 137 542 1175 621; baseline 0.001 -18"><span class='ocrx_word' id='word_1_22' title='bbox 137 550 217 603; x_wconf 86' lang='lat' dir='ltr'>retur</span> <span class='ocrx_word' id='word_1_23' title='bbox 238 544 367 601; x_wconf 81' lang='lat' dir='ltr'><strong>obtinuit.</strong></span> <span class='ocrx_word' id='word_1_24' title='bbox 409 542 464 618; x_wconf 85' lang='lat' dir='ltr'>Qui</span> <span class='ocrx_word' id='word_1_25' title='bbox 491 545 540 602; x_wconf 85' lang='lat' dir='ltr'>vix</span> <span class='ocrx_word' id='word_1_26' title='bbox 572 562 623 621; x_wconf 86' lang='lat' dir='ltr'>per</span> <span class='ocrx_word' id='word_1_27' title='bbox 649 561 701 604; x_wconf 87' lang='lat' dir='ltr'>sex</span> <span class='ocrx_word' id='word_1_28' title='bbox 729 544 926 604; x_wconf 79' lang='lat' dir='ltr'><strong>hebdomadas</strong></span> <span class='ocrx_word' id='word_1_29' title='bbox 954 547 982 602; x_wconf 94' lang='lat' dir='ltr'>in</span> <span class='ocrx_word' id='word_1_30' title='bbox 1004 545 1175 620; x_wconf 81' lang='lat' dir='ltr'><strong>probatione</strong></span> 
     </span>
     <span class='ocr_line' id='line_1_5' title="bbox 140 628 1174 711; baseline 0 -21"><span class='ocrx_word' id='word_1_31' title='bbox 140 633 231 703; x_wconf 88' lang='lat' dir='ltr'>stetit,</span> <span class='ocrx_word' id='word_1_32' title='bbox 258 636 288 689; x_wconf 91' lang='lat' dir='ltr'>et</span> <span class='ocrx_word' id='word_1_33' title='bbox 307 637 391 689; x_wconf 90' lang='lat' dir='ltr'>nocte</span> <span class='ocrx_word' id='word_1_34' title='bbox 414 629 538 705; x_wconf 83' lang='lat' dir='ltr'>quadam</span> <span class='ocrx_word' id='word_1_35' title='bbox 558 632 630 690; x_wconf 86' lang='lat' dir='ltr'>inira</span> <span class='ocrx_word' id='word_1_36' title='bbox 650 635 820 707; x_wconf 87' lang='lat' dir='ltr'>matutinas,</span> <span class='ocrx_word' id='word_1_37' title='bbox 849 635 910 691; x_wconf 88' lang='lat' dir='ltr'>eius</span> <span class='ocrx_word' id='word_1_38' title='bbox 932 632 1068 691; x_wconf 90' lang='lat' dir='ltr'>mandato</span> <span class='ocrx_word' id='word_1_39' title='bbox 1081 628 1103 711; x_wconf 69' lang='grc' dir='ltr'>ι)</span> <span class='ocrx_word' id='word_1_40' title='bbox 1126 633 1174 706; x_wconf 89' lang='lat' dir='ltr'>qui</span> 
     </span>
     <span class='ocr_line' id='line_1_6' title="bbox 140 716 1174 792; baseline 0.001 -16"><span class='ocrx_word' id='word_1_41' title='bbox 140 734 206 776; x_wconf 92' lang='lat' dir='ltr'>eum</span> <span class='ocrx_word' id='word_1_42' title='bbox 232 716 390 776; x_wconf 77' lang='lat' dir='ltr'>adduxerat</span> <span class='ocrx_word' id='word_1_43' title='bbox 416 717 566 792; x_wconf 88' lang='lat' dir='ltr'>obediens,</span> <span class='ocrx_word' id='word_1_44' title='bbox 596 736 661 778; x_wconf 91' lang='lat' dir='ltr'>cum</span> <span class='ocrx_word' id='word_1_45' title='bbox 689 719 763 778; x_wconf 90' lang='lat' dir='ltr'>iurto</span> <span class='ocrx_word' id='word_1_46' title='bbox 792 721 918 779; x_wconf 83' lang='lat' dir='ltr'>recessit</span> <span class='ocrx_word' id='word_1_47' title='bbox 967 717 1174 779; x_wconf 82' lang='lat' dir='ltr'>NOVICIUS:</span> 
     </span>
     <span class='ocr_line' id='line_1_7' title="bbox 138 802 1173 885; baseline 0 -22"><span class='ocrx_word' id='word_1_48' title='bbox 138 804 225 864; x_wconf 86' lang='lat' dir='ltr'>Forte</span> <span class='ocrx_word' id='word_1_49' title='bbox 246 803 365 878; x_wconf 80' lang='lat' dir='ltr'>simplici</span> <span class='ocrx_word' id='word_1_50' title='bbox 380 806 535 864; x_wconf 88' lang='lat' dir='ltr'>intentione</span> <span class='ocrx_word' id='word_1_51' title='bbox 555 802 673 885; x_wconf 66' lang='lat' dir='ltr'>venet).</span> <span class='ocrx_word' id='word_1_52' title='bbox 717 805 951 866; x_wconf 82' lang='lat' dir='ltr'><strong>MONAGHUS:</strong></span> <span class='ocrx_word' id='word_1_53' title='bbox 972 806 1173 881; x_wconf 78' lang='lat' dir='ltr'>Nequaquam.</span> 
     </span>
     <span class='ocr_line' id='line_1_8' title="bbox 141 888 1173 972; baseline 0 -22"><span class='ocrx_word' id='word_1_54' title='bbox 141 890 214 950; x_wconf 82' lang='lat' dir='ltr'>Cum</span> <span class='ocrx_word' id='word_1_55' title='bbox 233 890 328 949; x_wconf 89' lang='lat' dir='ltr'>adhuc</span> <span class='ocrx_word' id='word_1_56' title='bbox 350 908 416 950; x_wconf 90' lang='lat' dir='ltr'>cum</span> <span class='ocrx_word' id='word_1_57' title='bbox 436 893 513 951; x_wconf 90' lang='lat' dir='ltr'>socio</span> <span class='ocrx_word' id='word_1_58' title='bbox 534 910 587 951; x_wconf 85' lang='lat' dir='ltr'>suo</span> <span class='ocrx_word' id='word_1_59' title='bbox 610 898 688 951; x_wconf 87' lang='lat' dir='ltr'>esset</span> <span class='ocrx_word' id='word_1_60' title='bbox 707 895 737 951; x_wconf 92' lang='lat' dir='ltr'>in</span> <span class='ocrx_word' id='word_1_61' title='bbox 758 893 896 968; x_wconf 82' lang='lat' dir='ltr'>hospitio,</span> <span class='ocrx_word' id='word_1_62' title='bbox 924 899 954 952; x_wconf 90' lang='lat' dir='ltr'>et</span> <span class='ocrx_word' id='word_1_63' title='bbox 974 899 1140 968; x_wconf 87' lang='lat' dir='ltr'>paterentur</span> <span class='ocrx_word' id='word_1_64' title='bbox 1152 888 1173 972; x_wconf 77' lang='lat'>⁶)</span> 
     </span>
     <span class='ocr_line' id='line_1_9' title="bbox 140 977 1173 1055; baseline 0.001 -19"><span class='ocrx_word' id='word_1_65' title='bbox 140 977 335 1036; x_wconf 86' lang='lat' dir='ltr'>difficultatem</span> <span class='ocrx_word' id='word_1_66' title='bbox 361 979 390 1035; x_wconf 90' lang='lat' dir='ltr'>iu</span> <span class='ocrx_word' id='word_1_67' title='bbox 418 979 594 1054; x_wconf 89' lang='lat' dir='ltr'>recipiend0‚</span> <span class='ocrx_word' id='word_1_68' title='bbox 624 979 738 1039; x_wconf 88' lang='lat' dir='ltr'>dicebat</span> <span class='ocrx_word' id='word_1_69' title='bbox 765 979 837 1039; x_wconf 86' lang='lat' dir='ltr'>alter</span> <span class='ocrx_word' id='word_1_70' title='bbox 863 979 1059 1040; x_wconf 76' lang='lat' dir='ltr'>adulterum:</span> <span class='ocrx_word' id='word_1_71' title='bbox 1089 978 1173 1055; x_wconf 84' lang='lat' dir='ltr'>Sine,</span> 
     </span>
     <span class='ocr_line' id='line_1_10' title="bbox 138 1064 1173 1142; baseline 0.002 -18"><span class='ocrx_word' id='word_1_72' title='bbox 138 1065 205 1124; x_wconf 90' lang='lat' dir='ltr'>licet</span> <span class='ocrx_word' id='word_1_73' title='bbox 225 1064 311 1123; x_wconf 94' lang='lat' dir='ltr'>modo</span> <span class='ocrx_word' id='word_1_74' title='bbox 339 1064 423 1124; x_wconf 88' lang='lat' dir='ltr'>nobis</span> <span class='ocrx_word' id='word_1_75' title='bbox 451 1068 507 1124; x_wconf 88' lang='lat' dir='ltr'>sint</span> <span class='ocrx_word' id='word_1_76' title='bbox 527 1083 645 1142; x_wconf 83' lang='lat' dir='ltr'>graves,</span> <span class='ocrx_word' id='word_1_77' title='bbox 674 1073 771 1124; x_wconf 88' lang='lat' dir='ltr'>tamen</span> <span class='ocrx_word' id='word_1_78' title='bbox 800 1085 849 1126; x_wconf 94' lang='lat' dir='ltr'>eos</span> <span class='ocrx_word' id='word_1_79' title='bbox 880 1066 1064 1142; x_wconf 84' lang='lat' dir='ltr'>decipiemus.</span> <span class='ocrx_word' id='word_1_80' title='bbox 1106 1065 1173 1126; x_wconf 88' lang='lat' dir='ltr'>Hoc</span> 
     </span>
     <span class='ocr_line' id='line_1_11' title="bbox 139 1151 1172 1230; baseline 0.001 -21"><span class='ocrx_word' id='word_1_81' title='bbox 139 1151 255 1227; x_wconf 78' lang='lat' dir='ltr'>quidam</span> <span class='ocrx_word' id='word_1_82' title='bbox 294 1168 494 1211; x_wconf 88' lang='lat' dir='ltr'>conversorum</span> <span class='ocrx_word' id='word_1_83' title='bbox 524 1159 687 1212; x_wconf 92' lang='lat' dir='ltr'>nostrorum</span> <span class='ocrx_word' id='word_1_84' title='bbox 722 1153 777 1212; x_wconf 88' lang='lat' dir='ltr'>illis</span> <span class='ocrx_word' id='word_1_85' title='bbox 815 1155 1013 1230; x_wconf 82' lang='lat' dir='ltr'>ignorantibus</span> <span class='ocrx_word' id='word_1_86' title='bbox 1053 1152 1172 1211; x_wconf 80' lang='lat' dir='ltr'>audivit</span> 
     </span>
     <span class='ocr_line' id='line_1_12' title="bbox 137 1237 1172 1318; baseline 0.002 -21"><span class='ocrx_word' id='word_1_87' title='bbox 137 1237 296 1297; x_wconf 81' lang='lat' dir='ltr'>Nonuuilos</span> <span class='ocrx_word' id='word_1_88' title='bbox 318 1241 444 1297; x_wconf 84' lang='lat' dir='ltr'>converti</span> <span class='ocrx_word' id='word_1_89' title='bbox 465 1257 500 1298; x_wconf 86' lang='lat' dir='ltr'>ex</span> <span class='ocrx_word' id='word_1_90' title='bbox 522 1239 647 1315; x_wconf 89' lang='lat' dir='ltr'>quadam</span> <span class='ocrx_word' id='word_1_91' title='bbox 667 1239 785 1300; x_wconf 86' lang='lat' dir='ltr'>levitate</span> <span class='ocrx_word' id='word_1_92' title='bbox 806 1243 908 1316; x_wconf 88' lang='lat' dir='ltr'>animi,</span> <span class='ocrx_word' id='word_1_93' title='bbox 934 1243 1051 1318; x_wconf 85' lang='lat' dir='ltr'>saepius</span> <span class='ocrx_word' id='word_1_94' title='bbox 1072 1256 1172 1299; x_wconf 88' lang='lat' dir='ltr'>sumus</span> 
     </span>
    </p>
   </div>
   <div class='ocr_carea' id='block_1_3' title="bbox 137 1321 810 1526">
    <p class='ocr_par' dir='ltr' id='par_1_3' title="bbox 137 1321 810 1526">
     <span class='ocr_line' id='line_1_13' title="bbox 137 1321 286 1406; baseline -0.02 -20"><span class='ocrx_word' id='word_1_95' title='bbox 137 1328 246 1402; x_wconf 86' lang='lat' dir='ltr'>experti</span> <span class='ocrx_word' id='word_1_96' title='bbox 255 1321 286 1406; x_wconf 72' lang='grc'>6).</span> 
     </span>
     <span class='ocr_line' id='line_1_14' title="bbox 501 1464 810 1526; baseline 0.01 -2"><span class='ocrx_word' id='word_1_97' title='bbox 501 1464 733 1526; x_wconf 81' lang='lat' dir='ltr'><strong>CAPITULUM</strong></span> <span class='ocrx_word' id='word_1_98' title='bbox 753 1467 810 1526; x_wconf 85' lang='lat' dir='ltr'>XL</span> 
     </span>
    </p>
   </div>
   <div class='ocr_carea' id='block_1_4' title="bbox 168 1604 1144 1766">
    <p class='ocr_par' dir='ltr' id='par_1_4' title="bbox 168 1604 1144 1766">
     <span class='ocr_line' id='line_1_15' title="bbox 168 1604 1144 1697; baseline 0.001 -32"><span class='ocrx_word' id='word_1_99' title='bbox 168 1607 216 1665; x_wconf 83' lang='lat' dir='ltr'>Dc</span> <span class='ocrx_word' id='word_1_100' title='bbox 236 1608 379 1665; x_wconf 70' lang='lat' dir='ltr'>monice</span> <span class='ocrx_word' id='word_1_101' title='bbox 400 1605 530 1681; x_wconf 79' lang='lat' dir='ltr'>quodum</span> <span class='ocrx_word' id='word_1_102' title='bbox 553 1604 726 1679; x_wconf 75' lang='lat' dir='ltr'>Coloniensi,</span> <span class='ocrx_word' id='word_1_103' title='bbox 749 1609 801 1682; x_wconf 79' lang='lat' dir='ltr'>qui</span> <span class='ocrx_word' id='word_1_104' title='bbox 822 1614 985 1697; x_wconf 77' lang='lat' dir='ltr'>antequem</span> <span class='ocrx_word' id='word_1_105' title='bbox 1006 1606 1144 1666; x_wconf 74' lang='lat' dir='ltr'>indueret</span> 
     </span>
     <span class='ocr_line' id='line_1_16' title="bbox 507 1692 800 1766; baseline 0.01 -16"><span class='ocrx_word' id='word_1_106' title='bbox 507 1692 649 1766; x_wconf 81' lang='lat' dir='ltr'>habitum,</span> <span class='ocrx_word' id='word_1_107' title='bbox 670 1694 800 1753; x_wconf 68' lang='lat' dir='ltr'>reaidoit</span> 
     </span>
    </p>
   </div>
   <div class='ocr_carea' id='block_1_5' title="bbox 105 1828 1170 2675">
    <p class='ocr_par' dir='ltr' id='par_1_5' title="bbox 105 1828 1170 2675">
     <span class='ocr_line' id='line_1_17' title="bbox 200 1828 1170 1912; baseline 0.001 -21"><span class='ocrx_word' id='word_1_108' title='bbox 200 1831 289 1891; x_wconf 88' lang='lat' dir='ltr'>Venit</span> <span class='ocrx_word' id='word_1_109' title='bbox 309 1831 348 1890; x_wconf 89' lang='lat' dir='ltr'>ad</span> <span class='ocrx_word' id='word_1_110' title='bbox 368 1848 420 1891; x_wconf 91' lang='lat' dir='ltr'>nos</span> <span class='ocrx_word' id='word_1_111' title='bbox 442 1831 608 1891; x_wconf 88' lang='lat' dir='ltr'>adolescens</span> <span class='ocrx_word' id='word_1_112' title='bbox 637 1833 753 1908; x_wconf 89' lang='lat' dir='ltr'>quidam</span> <span class='ocrx_word' id='word_1_113' title='bbox 774 1834 929 1892; x_wconf 88' lang='lat' dir='ltr'>canonicus</span> <span class='ocrx_word' id='word_1_114' title='bbox 949 1834 980 1891; x_wconf 93' lang='lat' dir='ltr'>in</span> <span class='ocrx_word' id='word_1_115' title='bbox 1002 1831 1122 1892; x_wconf 85' lang='lat' dir='ltr'>Colonia</span> <span class='ocrx_word' id='word_1_116' title='bbox 1133 1828 1170 1912; x_wconf 76' lang='lat'>²),</span> 
     </span>
     <span class='ocr_line' id='line_1_18' title="bbox 136 1919 1168 1996; baseline -0.001 -19"><span class='ocrx_word' id='word_1_117' title='bbox 136 1921 237 1995; x_wconf 84' lang='lat' dir='ltr'>magis,</span> <span class='ocrx_word' id='word_1_118' title='bbox 256 1925 289 1977; x_wconf 91' lang='lat' dir='ltr'>ut</span> <span class='ocrx_word' id='word_1_119' title='bbox 309 1926 410 1994; x_wconf 87' lang='lat' dir='ltr'>postea</span> <span class='ocrx_word' id='word_1_120' title='bbox 423 1921 464 1977; x_wconf 89' lang='lat' dir='ltr'>rei</span> <span class='ocrx_word' id='word_1_121' title='bbox 478 1921 570 1978; x_wconf 83' lang='lat' dir='ltr'>exitus</span> <span class='ocrx_word' id='word_1_122' title='bbox 587 1921 728 1996; x_wconf 79' lang='lat' dir='ltr'>probavit,</span> <span class='ocrx_word' id='word_1_123' title='bbox 749 1937 786 1979; x_wconf 87' lang='lat' dir='ltr'>ex</span> <span class='ocrx_word' id='word_1_124' title='bbox 808 1919 933 1994; x_wconf 85' lang='lat' dir='ltr'>quadam</span> <span class='ocrx_word' id='word_1_125' title='bbox 954 1919 1071 1978; x_wconf 87' lang='lat' dir='ltr'>levitate</span> <span class='ocrx_word' id='word_1_126' title='bbox 1086 1936 1168 1978; x_wconf 90' lang='lat' dir='ltr'>men·</span> 
     </span>
     <span class='ocr_line' id='line_1_19' title="bbox 135 2004 1167 2085; baseline 0 -20"><span class='ocrx_word' id='word_1_127' title='bbox 135 2004 213 2085; x_wconf 77' lang='lat' dir='ltr'>tis⁸)‚</span> <span class='ocrx_word' id='word_1_128' title='bbox 234 2024 322 2081; x_wconf 87' lang='lat' dir='ltr'>quam</span> <span class='ocrx_word' id='word_1_129' title='bbox 344 2004 495 2065; x_wconf 89' lang='lat' dir='ltr'>devotione</span> <span class='ocrx_word' id='word_1_130' title='bbox 517 2009 718 2066; x_wconf 82' lang='lat' dir='ltr'>conversionis.</span> <span class='ocrx_word' id='word_1_131' title='bbox 762 2006 818 2082; x_wconf 89' lang='lat' dir='ltr'>Qui</span> <span class='ocrx_word' id='word_1_132' title='bbox 832 2024 918 2064; x_wconf 89' lang='lat' dir='ltr'>suum</span> <span class='ocrx_word' id='word_1_133' title='bbox 932 2008 1016 2065; x_wconf 87' lang='lat' dir='ltr'>nobis</span> <span class='ocrx_word' id='word_1_134' title='bbox 1038 2008 1167 2083; x_wconf 86' lang='lat' dir='ltr'>aperiens</span> 
     </span>
     <span class='ocr_line' id='line_1_20' title="bbox 134 2093 1167 2170; baseline 0.001 -20"><span class='ocrx_word' id='word_1_135' title='bbox 134 2096 321 2169; x_wconf 87' lang='lat' dir='ltr'>propositum,</span> <span class='ocrx_word' id='word_1_136' title='bbox 342 2093 493 2157; x_wconf 84' lang='lat' dir='ltr'>iuvenibus</span> <span class='ocrx_word' id='word_1_137' title='bbox 513 2096 617 2152; x_wconf 88' lang='lat' dir='ltr'>nostris</span> <span class='ocrx_word' id='word_1_138' title='bbox 629 2097 762 2168; x_wconf 83' lang='lat' dir='ltr'>maxime,</span> <span class='ocrx_word' id='word_1_139' title='bbox 783 2110 841 2152; x_wconf 92' lang='lat' dir='ltr'>nou</span> <span class='ocrx_word' id='word_1_140' title='bbox 862 2111 985 2168; x_wconf 77' lang='lat' dir='ltr'>parvum</span> <span class='ocrx_word' id='word_1_141' title='bbox 1005 2093 1073 2153; x_wconf 84' lang='lat' dir='ltr'>iecit</span> <span class='ocrx_word' id='word_1_142' title='bbox 1093 2109 1167 2170; x_wconf 84' lang='lat' dir='ltr'>gau·</span> 
     </span>
     <span class='ocr_line' id='line_1_21' title="bbox 136 2178 1168 2256; baseline 0.001 -18"><span class='ocrx_word' id='word_1_143' title='bbox 136 2179 223 2239; x_wconf 85' lang='lat' dir='ltr'>dium.</span> <span class='ocrx_word' id='word_1_144' title='bbox 271 2180 414 2239; x_wconf 90' lang='lat' dir='ltr'>Dominus</span> <span class='ocrx_word' id='word_1_145' title='bbox 445 2178 596 2240; x_wconf 82' lang='lat' dir='ltr'>Gerardus</span> <span class='ocrx_word' id='word_1_146' title='bbox 623 2180 725 2240; x_wconf 87' lang='lat' dir='ltr'>Abbas</span> <span class='ocrx_word' id='word_1_147' title='bbox 756 2188 855 2239; x_wconf 86' lang='lat' dir='ltr'>noster</span> <span class='ocrx_word' id='word_1_148' title='bbox 885 2180 1044 2256; x_wconf 84' lang='lat' dir='ltr'>intelligens</span> <span class='ocrx_word' id='word_1_149' title='bbox 1076 2179 1168 2240; x_wconf 87' lang='lat' dir='ltr'>solam</span> 
     </span>
     <span class='ocr_line' id='line_1_22' title="bbox 135 2263 1168 2347; baseline 0.003 -23"><span class='ocrx_word' id='word_1_150' title='bbox 135 2268 165 2324; x_wconf 89' lang='lat' dir='ltr'>in</span> <span class='ocrx_word' id='word_1_151' title='bbox 186 2283 284 2326; x_wconf 87' lang='lat' dir='ltr'>causa·</span> <span class='ocrx_word' id='word_1_152' title='bbox 300 2284 363 2326; x_wconf 91' lang='lat' dir='ltr'>esse</span> <span class='ocrx_word' id='word_1_153' title='bbox 382 2266 528 2326; x_wconf 88' lang='lat' dir='ltr'>levitatem</span> <span class='ocrx_word' id='word_1_154' title='bbox 540 2265 577 2346; x_wconf 80' lang='lat'>⁹),</span> <span class='ocrx_word' id='word_1_155' title='bbox 606 2285 641 2327; x_wconf 90' lang='lat' dir='ltr'>eo</span> <span class='ocrx_word' id='word_1_156' title='bbox 671 2267 749 2344; x_wconf 91' lang='lat' dir='ltr'>qnod</span> <span class='ocrx_word' id='word_1_157' title='bbox 781 2267 932 2326; x_wconf 88' lang='lat' dir='ltr'>delusisset</span> <span class='ocrx_word' id='word_1_158' title='bbox 946 2263 976 2347; x_wconf 86' lang='lat'>¹⁰)</span> <span class='ocrx_word' id='word_1_159' title='bbox 996 2269 1168 2327; x_wconf 83' lang='lat' dir='ltr'>vestimenta</span> 
     </span>
     <span class='ocr_line' id='line_1_23' title="bbox 135 2351 1169 2435; baseline 0.001 -23"><span class='ocrx_word' id='word_1_160' title='bbox 135 2370 203 2428; x_wconf 87' lang='lat' dir='ltr'>sua,</span> <span class='ocrx_word' id='word_1_161' title='bbox 234 2353 297 2413; x_wconf 86' lang='lat' dir='ltr'>sola</span> <span class='ocrx_word' id='word_1_162' title='bbox 324 2355 430 2429; x_wconf 92' lang='lat' dir='ltr'>quippe</span> <span class='ocrx_word' id='word_1_163' title='bbox 456 2356 554 2412; x_wconf 84' lang='lat' dir='ltr'>tunica</span> <span class='ocrx_word' id='word_1_164' title='bbox 580 2355 696 2414; x_wconf 87' lang='lat' dir='ltr'>indutus</span> <span class='ocrx_word' id='word_1_165' title='bbox 711 2351 741 2435; x_wconf 89' lang='lat'>¹¹)</span> <span class='ocrx_word' id='word_1_166' title='bbox 762 2357 858 2430; x_wconf 83' lang='lat' dir='ltr'>venit,</span> <span class='ocrx_word' id='word_1_167' title='bbox 886 2373 953 2414; x_wconf 90' lang='lat' dir='ltr'>cum</span> <span class='ocrx_word' id='word_1_168' title='bbox 979 2360 1078 2414; x_wconf 85' lang='lat' dir='ltr'>tamen</span> <span class='ocrx_word' id='word_1_169' title='bbox 1099 2356 1169 2413; x_wconf 86' lang='lat' dir='ltr'>satis</span> 
     </span>
     <span class='ocr_line' id='line_1_24' title="bbox 132 2440 1168 2518; baseline 0.002 -21"><span class='ocrx_word' id='word_1_170' title='bbox 132 2448 282 2517; x_wconf 89' lang='lat' dir='ltr'>rogaretur</span> <span class='ocrx_word' id='word_1_171' title='bbox 302 2443 447 2515; x_wconf 84' lang='lat' dir='ltr'>suscipere</span> <span class='ocrx_word' id='word_1_172' title='bbox 468 2443 608 2516; x_wconf 85' lang='lat' dir='ltr'>iuvenem,</span> <span class='ocrx_word' id='word_1_173' title='bbox 629 2459 687 2501; x_wconf 90' lang='lat' dir='ltr'>nou</span> <span class='ocrx_word' id='word_1_174' title='bbox 710 2444 861 2501; x_wconf 80' lang='lat' dir='ltr'>consensit</span> <span class='ocrx_word' id='word_1_175' title='bbox 901 2441 957 2518; x_wconf 85' lang='lat' dir='ltr'>Qui</span> <span class='ocrx_word' id='word_1_176' title='bbox 977 2459 1046 2500; x_wconf 82' lang='lat' dir='ltr'>mox</span> <span class='ocrx_word' id='word_1_177' title='bbox 1067 2440 1168 2501; x_wconf 89' lang='lat' dir='ltr'>eadem</span> 
     </span>
     <span class='ocr_line' id='line_1_25' title="bbox 135 2524 1168 2607; baseline 0 -21"><span class='ocrx_word' id='word_1_178' title='bbox 135 2529 196 2602; x_wconf 84' lang='lat' dir='ltr'>via,</span> <span class='ocrx_word' id='word_1_179' title='bbox 219 2545 277 2603; x_wconf 90' lang='lat' dir='ltr'>qua</span> <span class='ocrx_word' id='word_1_180' title='bbox 297 2530 376 2586; x_wconf 80' lang='lat' dir='ltr'>venit</span> <span class='ocrx_word' id='word_1_181' title='bbox 390 2524 434 2607; x_wconf 84' lang='lat'>¹²),</span> <span class='ocrx_word' id='word_1_182' title='bbox 455 2528 553 2604; x_wconf 84' lang='lat' dir='ltr'>rediit,</span> <span class='ocrx_word' id='word_1_183' title='bbox 580 2545 634 2588; x_wconf 90' lang='lat' dir='ltr'>nec</span> <span class='ocrx_word' id='word_1_184' title='bbox 655 2529 809 2604; x_wconf 87' lang='lat' dir='ltr'>aliquando</span> <span class='ocrx_word' id='word_1_185' title='bbox 830 2535 933 2606; x_wconf 89' lang='lat' dir='ltr'>postea</span> <span class='ocrx_word' id='word_1_186' title='bbox 954 2528 1075 2588; x_wconf 88' lang='lat' dir='ltr'>alicuius</span> <span class='ocrx_word' id='word_1_187' title='bbox 1096 2545 1168 2588; x_wconf 90' lang='lat' dir='ltr'>oon·</span> 
     </span>
     <span class='ocr_line' id='line_1_26' title="bbox 105 2614 555 2675; baseline -0.002 -2"><span class='ocrx_word' id='word_1_188' title='bbox 105 2666 110 2673; x_wconf 90' lang='lat'>.</span> <span class='ocrx_word' id='word_1_189' title='bbox 134 2618 271 2675; x_wconf 88' lang='lat' dir='ltr'>versionis</span> <span class='ocrx_word' id='word_1_190' title='bbox 291 2617 465 2674; x_wconf 90' lang='lat' dir='ltr'>mentionem</span> <span class='ocrx_word' id='word_1_191' title='bbox 479 2614 555 2674; x_wconf 79' lang='lat' dir='ltr'>iecit</span> 
     </span>
    </p>
   </div>
   <div class='ocr_carea' id='block_1_6' title="bbox 469 2751 831 2835">
    <p class='ocr_par' dir='ltr' id='par_1_6' title="bbox 469 2751 831 2835">
     <span class='ocr_line' id='line_1_27' title="bbox 469 2751 831 2835; baseline 0.011 -24"><span class='ocrx_word' id='word_1_192' title='bbox 469 2752 703 2814; x_wconf 74' lang='lat' dir='ltr'>omnnium</span> <span class='ocrx_word' id='word_1_193' title='bbox 722 2751 831 2835; x_wconf 65' lang='lat' dir='ltr'>xut)</span> 
     </span>
    </p>
   </div>
   <div class='ocr_carea' id='block_1_7' title="bbox 134 2873 1168 3036">
    <p class='ocr_par' dir='ltr' id='par_1_7' title="bbox 134 2873 1168 3036">
     <span class='ocr_line' id='line_1_28' title="bbox 134 2873 1168 2952; baseline 0.004 -22"><span class='ocrx_word' id='word_1_194' title='bbox 134 2873 209 2933; x_wconf 72' lang='lat' dir='ltr'>Itan</span> <span class='ocrx_word' id='word_1_195' title='bbox 229 2877 266 2934; x_wconf 79' lang='lat' dir='ltr'>de</span> <span class='ocrx_word' id='word_1_196' title='bbox 287 2876 348 2933; x_wconf 81' lang='lat' dir='ltr'>olio</span> <span class='ocrx_word' id='word_1_197' title='bbox 369 2878 488 2947; x_wconf 73' lang='lat' dir='ltr'>iuvate,</span> <span class='ocrx_word' id='word_1_198' title='bbox 514 2879 565 2950; x_wconf 83' lang='lat' dir='ltr'>qui</span> <span class='ocrx_word' id='word_1_199' title='bbox 586 2876 622 2934; x_wconf 85' lang='lat' dir='ltr'>de</span> <span class='ocrx_word' id='word_1_200' title='bbox 640 2876 817 2952; x_wconf 74' lang='lat' dir='ltr'>probatione</span> <span class='ocrx_word' id='word_1_201' title='bbox 837 2879 939 2952; x_wconf 61' lang='lat' dir='ltr'>produ</span> <span class='ocrx_word' id='word_1_202' title='bbox 959 2876 1168 2936; x_wconf 69' lang='lat' dir='ltr'>cummanum</span> 
     </span>
     <span class='ocr_line' id='line_1_29' title="bbox 323 2960 976 3036; baseline 0.003 -17"><span class='ocrx_word' id='word_1_203' title='bbox 323 2960 487 3019; x_wconf 80' lang='lat' dir='ltr'>debitorum</span> <span class='ocrx_word' id='word_1_204' title='bbox 508 2970 667 3036; x_wconf 79' lang='lat' dir='ltr'>eat-rectus,</span> <span class='ocrx_word' id='word_1_205' title='bbox 687 2981 750 3022; x_wconf 82' lang='lat' dir='ltr'>non</span> <span class='ocrx_word' id='word_1_206' title='bbox 771 2970 814 3023; x_wconf 84' lang='lat' dir='ltr'>est</span> <span class='ocrx_word' id='word_1_207' title='bbox 833 2981 976 3022; x_wconf 65' lang='lat' dir='ltr'>reomau.</span> 
     </span>
    </p>
   </div>
   <div class='ocr_carea' id='block_1_8' title="bbox 132 3096 1168 3265">
    <p class='ocr_par' dir='ltr' id='par_1_8' title="bbox 132 3096 1168 3265">
     <span class='ocr_line' id='line_1_30' title="bbox 142 3096 1168 3174; baseline 0.002 -16"><span class='ocrx_word' id='word_1_208' title='bbox 142 3164 147 3170; x_wconf 59' lang='grc'><em>,</em></span> <span class='ocrx_word' id='word_1_209' title='bbox 197 3097 280 3158; x_wconf 82' lang='lat' dir='ltr'>Alius</span> <span class='ocrx_word' id='word_1_210' title='bbox 302 3099 418 3174; x_wconf 79' lang='lat' dir='ltr'>quddam</span> <span class='ocrx_word' id='word_1_211' title='bbox 439 3098 606 3159; x_wconf 86' lang='lat' dir='ltr'>adolescens</span> <span class='ocrx_word' id='word_1_212' title='bbox 632 3103 707 3161; x_wconf 91' lang='lat' dir='ltr'>bene</span> <span class='ocrx_word' id='word_1_213' title='bbox 734 3109 821 3161; x_wconf 88' lang='lat' dir='ltr'>natus</span> <span class='ocrx_word' id='word_1_214' title='bbox 843 3096 872 3161; x_wconf 82' lang='lat' dir='ltr'>e&#39;t</span> <span class='ocrx_word' id='word_1_215' title='bbox 893 3101 1014 3160; x_wconf 79' lang='lat' dir='ltr'>divitum</span> <span class='ocrx_word' id='word_1_216' title='bbox 1033 3100 1110 3160; x_wconf 88' lang='lat' dir='ltr'>filius</span> <span class='ocrx_word' id='word_1_217' title='bbox 1129 3099 1168 3160; x_wconf 89' lang='lat' dir='ltr'>ad</span> 
     </span>
     <span class='ocr_line' id='line_1_31' title="bbox 132 3186 1168 3265; baseline 0.003 -22"><span class='ocrx_word' id='word_1_218' title='bbox 132 3201 186 3245; x_wconf 89' lang='lat' dir='ltr'>nos</span> <span class='ocrx_word' id='word_1_219' title='bbox 213 3187 380 3263; x_wconf 87' lang='lat' dir='ltr'>parentibus</span> <span class='ocrx_word' id='word_1_220' title='bbox 408 3187 605 3262; x_wconf 84' lang='lat' dir='ltr'>ignorantibus</span> <span class='ocrx_word' id='word_1_221' title='bbox 635 3192 729 3263; x_wconf 84' lang='lat' dir='ltr'>veuit,</span> <span class='ocrx_word' id='word_1_222' title='bbox 762 3195 792 3248; x_wconf 89' lang='lat' dir='ltr'>et</span> <span class='ocrx_word' id='word_1_223' title='bbox 822 3196 856 3248; x_wconf 89' lang='lat' dir='ltr'>ut</span> <span class='ocrx_word' id='word_1_224' title='bbox 886 3191 1060 3265; x_wconf 89' lang='lat' dir='ltr'>reciperetur</span> <span class='ocrx_word' id='word_1_225' title='bbox 1085 3186 1168 3247; x_wconf 78' lang='lat' dir='ltr'>facile</span> 
     </span>
    </p>
   </div>
   <div class='ocr_carea' id='block_1_9' title="bbox 152 3318 1168 3880">
    <p class='ocr_par' dir='ltr' id='par_1_9' title="bbox 152 3318 1168 3880">
     <span class='ocr_line' id='line_1_32' title="bbox 152 3318 1168 3391; baseline 0.001 -22"><span class='ocrx_word' id='word_1_226' title='bbox 152 3318 184 3388; x_wconf 91' lang='grc'>1)</span> <span class='ocrx_word' id='word_1_227' title='bbox 199 3319 221 3371; x_wconf 85' lang='grc' dir='ltr'><strong>Β</strong></span> <span class='ocrx_word' id='word_1_228' title='bbox 238 3319 333 3371; x_wconf 84' lang='lat' dir='ltr'>nobis</span> <span class='ocrx_word' id='word_1_229' title='bbox 355 3336 429 3387; x_wconf 82' lang='lat' dir='ltr'>spes</span> <span class='ocrx_word' id='word_1_230' title='bbox 452 3329 556 3383; x_wconf 81' lang='lat' dir='ltr'>esset,</span> <span class='ocrx_word' id='word_1_231' title='bbox 577 3321 596 3372; x_wconf 88' lang='lat' dir='ltr'><strong>P</strong></span> <span class='ocrx_word' id='word_1_232' title='bbox 614 3331 702 3374; x_wconf 81' lang='lat' dir='ltr'>esset</span> <span class='ocrx_word' id='word_1_233' title='bbox 725 3322 821 3374; x_wconf 84' lang='lat' dir='ltr'>nobis</span> <span class='ocrx_word' id='word_1_234' title='bbox 838 3339 920 3391; x_wconf 86' lang='lat' dir='ltr'>spes.</span> <span class='ocrx_word' id='word_1_235' title='bbox 939 3352 970 3362; x_wconf 91' lang='lat'>-</span> <span class='ocrx_word' id='word_1_236' title='bbox 988 3322 1022 3389; x_wconf 84' lang='lat'>2)</span> <span class='ocrx_word' id='word_1_237' title='bbox 1040 3321 1060 3372; x_wconf 87' lang='lat' dir='ltr'><strong>B</strong></span> <span class='ocrx_word' id='word_1_238' title='bbox 1078 3335 1168 3373; x_wconf 85' lang='lat' dir='ltr'>rece·</span> 
     </span>
     <span class='ocr_line' id='line_1_33' title="bbox 200 3389 1168 3461; baseline 0.002 -22"><span class='ocrx_word' id='word_1_239' title='bbox 200 3389 307 3441; x_wconf 83' lang='lat' dir='ltr'>dente.</span> <span class='ocrx_word' id='word_1_240' title='bbox 325 3419 358 3428; x_wconf 90' lang='lat'><em>-</em></span> <span class='ocrx_word' id='word_1_241' title='bbox 377 3390 409 3458; x_wconf 84' lang='lat'>3)</span> <span class='ocrx_word' id='word_1_242' title='bbox 428 3389 468 3440; x_wconf 78' lang='grc' dir='ltr'>ΒΡ</span> <span class='ocrx_word' id='word_1_243' title='bbox 485 3391 653 3443; x_wconf 81' lang='lat' dir='ltr'>mandatis.</span> <span class='ocrx_word' id='word_1_244' title='bbox 673 3423 704 3432; x_wconf 94' lang='lat'>-</span> <span class='ocrx_word' id='word_1_245' title='bbox 723 3394 755 3461; x_wconf 82' lang='grc'>4)</span> <span class='ocrx_word' id='word_1_246' title='bbox 773 3391 794 3445; x_wconf 82' lang='lat' dir='ltr'><strong><em>G</em></strong></span> <span class='ocrx_word' id='word_1_247' title='bbox 811 3400 957 3444; x_wconf 77' lang='lat' dir='ltr'>venerat.</span> <span class='ocrx_word' id='word_1_248' title='bbox 975 3421 1008 3430; x_wconf 86' lang='lat'>-</span> <span class='ocrx_word' id='word_1_249' title='bbox 1026 3392 1059 3458; x_wconf 84' lang='grc'>5)</span> <span class='ocrx_word' id='word_1_250' title='bbox 1076 3399 1168 3458; x_wconf 81' lang='lat' dir='ltr'>pate·</span> 
     </span>
     <span class='ocr_line' id='line_1_34' title="bbox 199 3459 1167 3527; baseline 0.001 -17"><span class='ocrx_word' id='word_1_251' title='bbox 199 3469 315 3510; x_wconf 80' lang='lat' dir='ltr'>rentur</span> <span class='ocrx_word' id='word_1_252' title='bbox 332 3459 362 3520; x_wconf 74' lang='lat' dir='ltr'>ii,</span> <span class='ocrx_word' id='word_1_253' title='bbox 379 3468 553 3525; x_wconf 76' lang='lat' dir='ltr'>pateretur</span> <span class='ocrx_word' id='word_1_254' title='bbox 574 3464 651 3513; x_wconf 83' lang='lat' dir='ltr'>ceteri</span> <span class='ocrx_word' id='word_1_255' title='bbox 669 3463 739 3524; x_wconf 83' lang='lat' dir='ltr'>libri3</span> <span class='ocrx_word' id='word_1_256' title='bbox 765 3463 832 3518; x_wconf 83' lang='lat' dir='ltr'>coni.</span> <span class='ocrx_word' id='word_1_257' title='bbox 849 3463 882 3526; x_wconf 80' lang='grc' dir='ltr'>Χ,</span> <span class='ocrx_word' id='word_1_258' title='bbox 898 3463 942 3515; x_wconf 82' lang='grc'>35.</span> <span class='ocrx_word' id='word_1_259' title='bbox 961 3491 992 3501; x_wconf 90' lang='lat'>-—</span> <span class='ocrx_word' id='word_1_260' title='bbox 1011 3461 1044 3527; x_wconf 85' lang='grc'>6)</span> <span class='ocrx_word' id='word_1_261' title='bbox 1061 3461 1083 3512; x_wconf 83' lang='grc' dir='ltr'>Ι)</span> <span class='ocrx_word' id='word_1_262' title='bbox 1101 3475 1167 3512; x_wconf 86' lang='lat' dir='ltr'>sum</span> 
     </span>
     <span class='ocr_line' id='line_1_35' title="bbox 201 3529 1167 3669; baseline -0.001 -19"><span class='ocrx_word' id='word_1_263' title='bbox 201 3529 581 3650; x_wconf 43' lang='lat' dir='ltr'>ittittiss&#39;citiiti</span> <span class='ocrx_word' id='word_1_264' title='bbox 594 3530 1167 3669; x_wconf 48' lang='lat' dir='ltr'>institit?iiiiii?</span> 
     </span>
     <span class='ocr_line' id='line_1_36' title="bbox 200 3615 1167 3737; baseline 0.001 -18"><span class='ocrx_word' id='word_1_265' title='bbox 200 3615 286 3735; x_wconf 50' lang='grc' dir='ltr'>ι19)</span> <span class='ocrx_word' id='word_1_266' title='bbox 303 3668 345 3720; x_wconf 82' lang='lat' dir='ltr'>BC</span> <span class='ocrx_word' id='word_1_267' title='bbox 364 3668 462 3719; x_wconf 84' lang='lat' dir='ltr'>solam</span> <span class='ocrx_word' id='word_1_268' title='bbox 488 3638 660 3720; x_wconf 58' lang='lat' dir='ltr'>leviticum</span> <span class='ocrx_word' id='word_1_269' title='bbox 683 3671 788 3722; x_wconf 83' lang='lat' dir='ltr'>inisse</span> <span class='ocrx_word' id='word_1_270' title='bbox 812 3674 843 3722; x_wconf 92' lang='lat' dir='ltr'>in</span> <span class='ocrx_word' id='word_1_271' title='bbox 866 3619 974 3724; x_wconf 57' lang='lat' dir='ltr'>codsa.</span> <span class='ocrx_word' id='word_1_272' title='bbox 993 3700 1025 3711; x_wconf 92' lang='lat'>-</span> <span class='ocrx_word' id='word_1_273' title='bbox 1051 3669 1100 3737; x_wconf 87' lang='grc'>10)</span> <span class='ocrx_word' id='word_1_274' title='bbox 1117 3637 1167 3720; x_wconf 69' lang='lat' dir='ltr'>hoc</span> 
     </span>
     <span class='ocr_line' id='line_1_37' title="bbox 201 3737 1165 3809; baseline 0.003 -21"><span class='ocrx_word' id='word_1_275' title='bbox 201 3745 250 3801; x_wconf 74' lang='lat' dir='ltr'>ut,</span> <span class='ocrx_word' id='word_1_276' title='bbox 266 3737 324 3789; x_wconf 74' lang='lat' dir='ltr'>lusu</span> <span class='ocrx_word' id='word_1_277' title='bbox 340 3737 504 3804; x_wconf 70' lang='lat' dir='ltr'>perduuaeq</span> <span class='ocrx_word' id='word_1_278' title='bbox 520 3741 587 3791; x_wconf 80' lang='lat' dir='ltr'>coni.</span> <span class='ocrx_word' id='word_1_279' title='bbox 605 3740 647 3804; x_wconf 72' lang='lat' dir='ltr'>lt,</span> <span class='ocrx_word' id='word_1_280' title='bbox 664 3741 707 3792; x_wconf 77' lang='lat'>44.</span> <span class='ocrx_word' id='word_1_281' title='bbox 726 3771 758 3780; x_wconf 97' lang='lat'>-</span> <span class='ocrx_word' id='word_1_282' title='bbox 777 3742 827 3809; x_wconf 92' lang='grc'>11)</span> <span class='ocrx_word' id='word_1_283' title='bbox 843 3740 865 3794; x_wconf 78' lang='lat' dir='ltr'>C</span> <span class='ocrx_word' id='word_1_284' title='bbox 881 3742 1028 3794; x_wconf 74' lang='lat' dir='ltr'>vestitus</span> <span class='ocrx_word' id='word_1_285' title='bbox 1045 3740 1165 3792; x_wconf 76' lang='lat' dir='ltr'>tunica.</span> 
     </span>
     <span class='ocr_line' id='line_1_38' title="bbox 199 3807 928 3880; baseline 0.008 -21"><span class='ocrx_word' id='word_1_286' title='bbox 199 3836 233 3847; x_wconf 91' lang='lat'>-</span> <span class='ocrx_word' id='word_1_287' title='bbox 252 3808 302 3877; x_wconf 83' lang='lat'>12)</span> <span class='ocrx_word' id='word_1_288' title='bbox 317 3807 361 3860; x_wconf 75' lang='grc' dir='ltr'>ΒΡ</span> <span class='ocrx_word' id='word_1_289' title='bbox 378 3817 492 3862; x_wconf 74' lang='lat' dir='ltr'>renem.</span> <span class='ocrx_word' id='word_1_290' title='bbox 511 3839 542 3850; x_wconf 94' lang='lat'><em>-</em></span> <span class='ocrx_word' id='word_1_291' title='bbox 560 3810 594 3880; x_wconf 60' lang='grc' dir='ltr'>θ)</span> <span class='ocrx_word' id='word_1_292' title='bbox 611 3809 678 3862; x_wconf 83' lang='lat' dir='ltr'>coni.</span> <span class='ocrx_word' id='word_1_293' title='bbox 695 3809 785 3864; x_wconf 78' lang='lat' dir='ltr'>uouit</span> <span class='ocrx_word' id='word_1_294' title='bbox 802 3811 823 3865; x_wconf 90' lang='lat' dir='ltr'>l.</span> <span class='ocrx_word' id='word_1_295' title='bbox 840 3827 867 3880; x_wconf 85' lang='lat' dir='ltr'>p.</span> <span class='ocrx_word' id='word_1_296' title='bbox 883 3811 928 3864; x_wconf 76' lang='grc'>911.</span> 
     </span>
    </p>
   </div>
   <div class='ocr_carea' id='block_1_10' title="bbox 0 0 1224 4170">
    <p class='ocr_par' dir='ltr' id='par_1_10' title="bbox 0 0 1224 4170">
     <span class='ocr_line' id='line_1_39' title="bbox 0 0 1224 4170; baseline 0 2"><span class='ocrx_word' id='word_1_297' title='bbox 0 0 1224 4170; x_wconf 95' lang='lat' dir='ltr'> </span> 
     </span>
    </p>
   </div>
  </div>
 </body>
</html>
