2460 4162
443 180 499 290 nn
521 228 791 292 1111111111
926 214 929 227 ’
1074 231 1136 295 aas

397 384 630 449 CAPITULUM
656 376 834 448 LXXXIX.
940 416 943 421 ·

214 506 264 567 Da
282 507 408 569 1101111
430 510 615 587 Praeposito,
638 514 686 570 cui
707 487 861 569 morsellus
884 513 1019 569 carnium

458 601 575 674 petituri
596 598 704 674 infisus
727 605 776 656 cst.

59 774 63 791 ,
159 714 299 793 Magister
323 716 456 778 Absalon
482 719 527 778 vir
557 719 694 779 honestus
723 725 752 778 et
782 718 925 794 literatus,
957 719 987 777 in
1017 717 1138 778 ecclesia

94 805 189 863 sancti
209 803 334 863 Victoris
354 804 470 865 Parisiis
493 810 662 880 canonieus,
691 813 758 866 ante
786 806 840 865 hos
863 823 954 865 annos
974 808 1004 864 in
1026 805 1135 880 Spren·

94 887 260 970 kirsbacb')
288 889 392 951 Abbas
421 898 465 951 est
486 893 601 953 electus.
644 893 698 952 Est
727 896 805 956 ,enim
834 893 910 951 idem
931 895 1148 952 monasterium·

94 977 127 1036 in
140 977 315 1053 Episcopatu
333 978 510 1038 Treverensi.
553 958 719 1055 Antequam
740 979 816 1038 idem
837 979 968 1038 Absalon
989 982 1019 1037 in
1040 979 1137 1039 locum

95 1062 243 1123 electionis
268 1082 337 1124 suae
364 1069 482 1141 veniret,
504 1085 577 1125 unus
596 1085 631 1125 ex
647 1067 782 1126 fratribus
805 1069 835 1124 in
856 1069 919 1125 visu
941 1069 1034 1125 noctis
1055 1065 1136 1141 vidit,

95 1150 178 1227 qnod
206 1151 326 1210 candela
352 1153 455 1211 ardens
485 1154 646 1228 praefatum
674 1157 878 1212 monasterium
899 1155 1033 1227 intraret,
1063 1170 1137 1228 quae

93 1254 151 1297 suo
179 1237 285 1297 lumine
314 1241 441 1298 omnium
466 1240 584 1299 fratrum
612 1238 747 1299 candelas
780 1243 933 1299 exstinctas
944 1236 981 1319 ²),
1003 1257 1085 1314 ‘quas
1106 1242 1136 1298 in

94 1341 186 1385 manu
206 1327 351 1399 tenebant,
375 1327 585 1387 reaccenderet.
627 1326 826 1402 Interpretatio
849 1328 927 1386 visus
949 1326 1014 1386 talis
1023 1323 1044 1406 ³)
1067 1332 1137 1401 erat,

95 1413 167 1487 quia
186 1412 211 1470 is
232 1411 394 1486 adveniret,
420 1416 469 1488 qui
491 1413 667 1489 disciplinam
690 1413 857 1473 dissolutam
878 1418 1032 1488 repararet.
1074 1413 1135 1474 Fa-

96 1504 161 1559 ears
178 1515 247 1558 vero
268 1497 379 1573 Abbas,
400 1499 537 1560 honestas
564 1501 792 1574 eonsuetudines,
815 1517 886 1575 quas
907 1503 936 1558 11
958 1517 1011 1559 suo
1033 1517 1137 1560 mona-

94 1587 184 1647 sterio
211 1584 356 1661 didicerat,
377 1587 495 1662 induxit,
516 1589 589 1647 inter
611 1595 705 1647 cetera
726 1589 911 1662 praecipiens,
933 1593 965 1645 ut
986 1593 1047 1646 tam
1068 1604 1137 1646 suae

96 1674 326 1748 congregationis
358 1673 458 1733 fratres
488 1692 576 1750 quam
605 1675 750 1733 subiectae
780 1691 906 1747 sorores,
938 1690 992 1732 nee
1021 1690 1079 1733 non
1109 1680 1138 1732 et

68 1759 257 1834 'Praepositi
298 1777 412 1838 earum,
449 1762 486 1820 ab
529 1764 601 1820 escis
634 1765 762 1820 eanrium
795 1756 922 1839 amnesi)
955 1760 1137 1819 abstinerent

98 1844 227 1922 Contigit
235 1852 302 1921 post
321 1843 422 1926 hace⁵)
446 1848 590 1923 quandam
615 1847 792 1907 saecularem
813 1853 973 1907 matronam
994 1846 1137 1923 religionis

96 1932 229 1993 habitum
250 1935 279 1991 in
294 1932 394 1992 Insula
409 1937 500 1993 sancti
515 1931 684 2014 Nyeholai⁶l
709 1937 861 2010 suscipere.
893 1933 1020 1993 Pertinet
1041 1940 1138 1993 autem

96 2019 176 2080 idem
196 2023 402 2079 monasterium
430 2021 468 2080 ad
490 2021 723 2096 Sprenkirsbaeh.
767 2022 802 2079 ln
832 2021 877 2080 die
899 2020 1064 2079 reclusionis
1086 2038 1138 2078 sn·

96 2105 246 2184 pradictae
256 2107 385 2182 feminac,
403 2110 502 2167 amicis
514 2111 574 2166 eius
586 2125 651 2166 eum
661 2108 829 2183 Praeposito
844 2107 1101 2167 sanctimonialium
1108 2103 1137 2186 ⁷),

96 2194 214 2253 nomine
235 2193 369 2268 Florino,
393 2197 453 2253 viro
476 2197 671 2271 pinguissimo,
694 2201 722 2254 et
744 2197 817 2254 bene
839 2195 909 2253 mihi
931 2201 1014 2269 noto,
1037 2195 1138 2253 convi-

96 2276 279 2359 vantibusi),
306 2299 373 2339 cunr
400 2283 454 2356 ipsi
484 2283 616 2340 carnibus
645 2289 841 2357 vescerentur,
872 2289 900 2340 et
924 2284 986 2356 ipse
1010 2281 1137 2357 piscibus

95 2373 215 2444 propter
235 2367 403 2426 mandatum
424 2368 548 2427 Abbatis
570 2372 615 2427 sui
636 2368 806 2443 Absalonis,
838 2369 939 2428 videns
960 2370 990 2425 in
1018 2367 1138 2427 seutella

98 2453 195 2515 elerici
214 2454 294 2513 iuxta
314 2472 345 2513 se
355 2450 375 2533 ⁹)
398 2455 523 2514 sedentis
545 2458 672 2514 earnium
693 2463 861 2529 assaturam,
890 2456 1060 2530 concupivit,
1081 2456 1137 2511 im·

97 2543 244 2616 missaque
257 2559 345 2600 manu
369 2534 533 2601 morsellum
554 2545 655 2617 rapuit,
678 2549 707 2601 et
729 2560 795 2601 cum
818 2542 943 2617 quadam
963 2542 1138 2600 iocunditate

98 2630 129 2687 in
157 2645 189 2687 os
218 2645 303 2687 snum
332 2631 416 2686 misit.
459 2628 530 2687 Mox
558 2632 632 2688 iusto
663 2629 719 2688 Dei
747 2629 850 2688 iudieio
879 2629 956 2686 idem
987 2627 1137 2687 morsellus

97 2717 129 2773 in
154 2720 253 2791 guttur
280 2714 469 2774 inobedientis
496 2718 606 2791 integer
631 2715 791 2790 descendit,
812 2717 853 2774 ita
875 2722 906 2772 ut
927 2720 1053 2773 meatum
1076 2716 1137 2773 eins

98 2802 259 2876 obstruens,
280 2801 358 2860 nullo
383 2808 487 2861 conatu
511 2809 610 2877 posset
629 2804 657 2860 iu
680 2820 713 2861 os
734 2805 863 2861 revocari
884 2800 931 2860 vel
953 2800 1082 2877 deglutiri
1098 2798 1136 2879 ¹⁰).

99 2887 194 2965 Quem
216 2888 252 2947 de
273 2906 374 2947 mensa
397 2889 556 2963 trahentes,
583 2907 648 2971 eum
669 2891 727 2948 iarn
750 2891 855 2948 eversis
878 2886 968 2947 oeulis
989 2894 1137 2963 putaretur

98 2991 164 3035 esse
190 2975 389 3049 suffocandus,
418 2975 559 3035 Henrieus
589 2976 746 3035 monachus
775 2984 804 3036 et
833 2977 1004 3034 camerarius
1026 2981 1136 3049 noster,

97 3069 170 3121 tune
189 3060 327 3122 Decanus
348 3062 582 3122 Monastcriensis
598 3060 641 3141 ¹¹),
671 3065 744 3122 sieut
776 3081 811 3122 ex
844 3065 904 3121 eius
940 3079 989 3121 ore
1025 3061 1136 3136 andivi,

118 3177 151 3247 1)
168 3177 244 3231 bodio
262 3178 463 3246 Springirsbach,
480 3195 559 3245 prope
577 3178 698 3230 Wittlicb.
718 3209 751 3217 -
770 3179 802 3246 2)
820 3180 1004 3229 exstinctas
1023 3193 1064 3228 orn
1083 3177 1136 3229 Ab.

171 3277 203 3288 -
222 3248 254 3315 3)
273 3248 294 3299 1)
312 3249 388 3300 talis
406 3251 555 3301 visionis.
571 3278 601 3287 -
621 3250 653 3314 4)
672 3250 713 3301 BC
730 3264 837 3299 ornnes
856 3248 891 3298 ab
910 3264 966 3298 esu
984 3248 1135 3298 carnium.

170 3346 203 3356 —-
221 3318 254 3384 5)
273 3317 290 3369 P
308 3317 374 3369 hoc.
388 3348 420 3356 —
440 3319 471 3386 6)
489 3320 667 3370 monasterium
694 3317 926 3382 sanctimonialium,
943 3317 1020 3385 vulgo
1039 3317 1136 3384 Stupa

169 3385 271 3438 dictum.
291 3387 353 3438 Vide
371 3387 435 3438 11111
454 3388 489 3451 V,
513 3388 553 3438 14.
574 3418 604 3426 -
630 3387 701 3455 7]1)
723 3387 918 3438 monialium.
938 3417 971 3425 —
996 3387 1028 3454 8)
1046 3385 1135 3438 1111111.

110 3496 114 3501 .
169 3455 211 3508 w.
228 3472 255 3522 p.
273 3456 336 3507 157:
365 3457 445 3522 „forte
463 3456 577 3524 exemplo
596 3457 669 3508 lruins
688 3460 797 3508 convivii
815 3457 916 3523 (llattb.
936 3457 961 3519 9,
980 3455 1029 3523 10)
1055 3471 1136 3524 usquc

168 3524 244 3577 bodie
261 3541 316 3577 mos
333 3526 439 3578 inolevit
456 3528 481 3577 in
499 3526 605 3578 divorsis
629 3526 757 3578 ordinibus
775 3526 902 3577 Ecclesiae
920 3535 971 3577 tam
988 3526 1136 3577 feminarum

170 3610 245 3664 quam
263 3598 382 3660 virorum,
400 3605 428 3648 ut
446 3596 471 3646 bi
490 3599 531 3664 qui
549 3597 643 3648 babere
661 3605 775 3662 possunt,
793 3598 818 3646 in
833 3595 873 3647 die
884 3595 1065 3660 conversionis,
1084 3597 1136 3646 suis

169 3667 283 3734 cognatis
301 3674 328 3716 et
344 3667 431 3717 amicis
449 3665 577 3733 adductis,
595 3668 730 3718 conventui
748 3667 849 3731 copiose
868 3668 1032 3718 ministrent.“
1052 3695 1084 3703 —
1103 3665 1135 3732 9)

170 3733 389 3790 1111110.-
416 3736 463 3802 10)
491 3735 544 3788 vel
568 3735 727 3803 deglutiri
754 3735 803 3786 add
821 3735 870 3789 BG.
889 3766 921 3775 —
946 3734 994 3802 11)
1020 3733 1135 3803 intelligit

168 3804 345 3857 lonasterium
361 3804 552 3875 liuvenleldiac.
563 3805 634 3859 Cori.
652 3807 728 3858 ctiam
746 3804 765 3870 l,
782 3805 825 3858 23.
