2460 4162
433 222 488 285 nn
509 192 773 288 ennrnmonu.
891 172 894 177 ’
1060 231 1122 290 aea

84 344 293 409 novimus:
318 345 417 407 Mirari
444 364 502 407 non
523 346 638 424 desino,
659 348 738 423 quod
765 348 855 424 Deus,
876 351 925 425 qui
946 355 991 424 est
1009 366 1123 412 summa

84 422 234 510 munditia,
246 434 325 494 viros
338 414 494 511 religiosos,
516 440 632 495 sanctos
642 441 729 511 atque
742 435 884 512 perfectos
897 442 957 496 tam
969 437 1123 499 immundis

84 520 306 595 tentationibus,
335 527 364 580 et
392 521 564 599 quandoque
586 521 649 597 diu,
678 525 776 582 vexari
802 525 947 599 permittit
988 521 1122 585 MONA·

85 606 207 668 GHUS:
234 606 302 668 Hoc
329 606 391 667 lieri
418 608 541 670 creditur
569 627 606 670 ex
627 608 837 686 dispensatione
860 609 972 670 divinae
993 612 1150 689 pietatis,›

85 693 202 755 duabus
229 693 266 755 de
294 696 402 771 causis,
429 695 562 756 videlieet
589 693 628 756 ad
652 696 812 757 custodiam
832 696 1013 773 humilitatis,
1041 705 1069 758 et
1090 707 1123 758 ut

84 781 216 843 habeant
241 783 391 841 materiam
418 782 594 843 exercendae
621 784 742 843 virtutis.
785 783 857 860 Quis
882 785 912 842 in
935 783 992 843 boo
1012 785 1120 845 mundo

84 869 180 929 maior
206 867 371 944 Apostolo?
398 868 466 946 Ipse
493 876 538 928 est
559 871 608 945 qui
629 869 712 929 dicit:
741 871 788 929 Ne
808 871 983 946 mapattodo
1004 874 1120 931 reode-

86 957 205 1015 b‘orrwn
232 957 356 1015 modat
381 974 443 1027 mc,
465 957 554 1016 dutus
580 948 635 1016 cst'
650 957 721 1016 mibi
746 958 882 1016 ettmtdue
911 960 1009 1016 oomnis
1030 977 1121 1031 meae,

85 1040 213 1117 &rodolt
226 1041 367 1116 domnoc,
390 1046 442 1118 qut
455 1062 501 1103 mc
513 1044 682 1118 colaphizet,
698 1050 824 1118 propter
842 1044 929 1120 qood,
953 1052 982 1104 et
996 1051 1091 1105 cetera
1097 1044 1123 1125 ¹).

84 1126 171 1188 Sient
202 1127 271 1188 dicit
304 1130 458 1204 scriptura,
489 1129 604 1190 relictae
643 1137 709 1189 sunt
740 1129 875 1205 reliquiae
911 1130 1123 1191 immundarum

84 1216 218 1291 gentium
243 1217 274 1274 in
294 1222 371 1274 terra
391 1218 594 1292 promissionis,
614 1225 650 1276 ut
671 1220 852 1292 reperiretur
872 1220 904 1276 tn
927 1222 966 1276 cis
986 1217 1121 1294 isbaab).

84 1301 164 1362 Nam
195 1318 261 1362 cum
288 1301 414 1362 Domino
441 1302 595 1378 placuerit,
623 1321 681 1364 une
707 1303 779 1363 bora
799 1306 969 1364 tentationes
989 1307 1018 1364 in
1040 1306 1123 1364 nobis

83 1389 255 1450 fortissimas
277 1390 440 1465 compescit

399 1578 631 1640 eremmon
651 1577 812 1660 exone)

179 1702 229 1761 De
249 1701 409 1761 Bermardo
431 1703 576 1761 mooocbo
599 1709 719 1775 tentato,
745 1706 797 1778 qui
817 1720 847 1762 ec
866 1707 900 1762 ia
920 1709 1028 1762 eornoia

372 1858 375 1863 ¹
459 1789 533 1849 vidit
555 1790 752 1848 eunuchizari.

150 1907 187 1969 In
216 1906 376 1969 Glaravalle
403 1908 538 1969 sacerdos
566 1908 682 1984 quidam
710 1908 858 1986 religiosus
887 1915 945 1984 est,
974 1911 998 1968 si
1025 1918 1121 1972 tamen

83 1992 183 2057 adbuc
197 1997 276 2070 sivit,
288 2011 393 2072 genere
411 1995 523 2070 nobilis,
543 1995 596 2056 sed
617 1998 768 2055 virtutibus
782 1996 872 2055 multo
881 1992 902 2076 ³)
924 1998 1053 2072 nobilior,
1066 2017 1121 2059 no·

83 2083 163 2143 mirre
180 2080 354 2143 Bemardus.
396 2083 456 2142 Iste
473 2088 602 2160 tempore
619 2082 744 2159 quodam
765 2101 784 2144 a
805 2083 914 2144 Satana
939 2101 991 2160 per
1018 2088 1121 2147 stimu-

83 2167 147 2229 lum
175 2171 268 2229 earnis
294 2170 335 2230 ita
356 2176 401 2229 est
421 2177 556 2245 vexatus,
585 2173 626 2230 ita
646 2171 791 2245 turbatus,
817 2172 929 2229 utiam
950 2183 1121 2246 proponeret

83 2256 362 2317 tentationiomnino
377 2256 486 2331 cedere,
507 2263 594 2332 atque
611 2264 679 2333 post
698 2257 835 2333 plurimos
855 2256 973 2317 sudores
995 2259 1033 2318 ad
1054 2278 1121 2320 sae-

84 2340 185 2404 culum
205 2342 305 2404 redire.
348 2343 502 2407 Confessus
523 2344 616 2403 luerat
635 2346 799 2420 passionem
811 2344 932 2404 eandem
954 2346 1051 2420 semel,
1073 2365 1121 2406 se-

84 2428 227 2491 cundoet
248 2430 426 2506 multotiens3
448 2428 578 2490 sednon
600 2434 731 2490 cessavit
774 2431 905 2490 Tandem
926 2433 1008 2506 quasi
1029 2436 1121 2493 victus

84 2518 211 2577 accessit
229 2516 268 2576 ad
288 2517 425 2591 Priorem,
444 2518 545 2592 petens
566 2517 621 2576 sibi
642 2535 764 2593 cappam
786 2517 854 2592 dari,
874 2517 972 2577 dicens
994 2536 1025 2578 se
1047 2521 1121 2580 velle

84 2601 179 2663 redire
214 2602 253 2664 ad
278 2603 440 2678 saeculum,
474 2620 508 2663 eo
541 2603 619 2679 quod
648 2621 705 2663 non
739 2610 837 2679 posset
870 2622 967 2665 carere
996 2606 1122 2667 muliere.

84 2688 189 2749 Multis
208 2691 341 2766 precibus
369 2693 417 2749 vix
442 2690 526 2750 Prior
546 2691 682 2765 obtinuit,
710 2697 742 2750 ut
764 2697 941 2766 exspectaret
960 2691 1009 2751 illa
1030 2701 1122 2753 nocte.

85 2776 288 2852 Exspectavit3
309 2784 339 2837 et
354 2778 505 2851 Dominus,
527 2780 576 2854 qui
596 2777 690 2838 salvet
708 2785 856 2853 sperantes
877 2779 906 2835 in
927 2773 995 2856 sel),
1018 2796 1122 2840 conso·

85 2862 164 2923 latus
185 2870 230 2923 est
242 2880 308 2924 eum
329 2872 414 2924 noete
433 2864 483 2924 illa
504 2866 662 2939 insomnis,
684 2866 758 2924 sicut
771 2871 800 2923 et
814 2864 914 2923 beatos
935 2863 999 2924 illos
1009 2865 1123 2944 Magos,

85 2950 194 3026 qubius
213 2953 367 3027 praecepit,
388 2968 424 3011 ne
445 2949 568 3010 redirent
589 2950 627 3009 ad
648 2949 802 3010 Herodem.
844 2950 902 3010 Vix
922 2954 1045 3012 tenuiter
1067 2956 1122 3014 ob-

85 3036 258 3111 dormierat,
294 3048 323 3098 et
351 3055 419 3099 eece
447 3039 595 3114 conspexit
626 3040 736 3097 eminus
767 3039 861 3097 virum
889 3038 1052 3100 horribilem
1094 3045 1122 3102 in

85 3123 182 3201 effigie
208 3114 348 3185 malificii
376 3125 415 3185 ad
442 3141 474 3184 se
496 3131 713 3201 properantem,
740 3131 769 3184 et
791 3124 935 3184 cultellum
956 3125 1073 3204 longum
1095 3131 1123 3188 in

85 3228 177 3273 manu
196 3218 356 3287 tenentem,
390 3213 620 3288 sequebaturque
641 3228 707 3271 eum
729 3214 807 3271 canis
835 3229 956 3288 magnus
986 3221 1015 3272 et
1035 3218 1123 3292 niger.

86 3296 154 3375 Quo
181 3300 246 3357 viso
274 3301 451 3360 contremuit.
502 3298 564 3358 Nec
585 3301 696 3357 mirum.
738 3298 790 3357 Ille
820 3315 887 3358 vero
917 3299 1038 3360 multum
1066 3305 1122 3362 im-

85 3392 209 3461 petuoso
244 3388 363 3461 arreptis
396 3388 456 3445 eius
483 3385 655 3462 genitalibus
683 3384 819 3461 abscidit,
853 3387 973 3460 canique
999 3391 1124 3463 proiecit.

86 3472 172 3551 Qrme
185 3488 254 3531 mox
271 3469 346 3552 ille⁵)
362 3471 518 3532 devoravit.
550 3471 696 3548 Evigilans
709 3478 806 3532 autem
821 3472 987 3532 exhorrere
1001 3477 1126 3552 visionis,

86 3558 211 3637 putabat
231 3576 264 3619 se
285 3558 372 3620 luisse
394 3560 619 3619 eunuchizatum.
664 3557 749 3635 Quod
769 3575 871 3618 revera
892 3561 933 3618 ita
955 3572 1031 3635 erat,
1053 3567 1126 3622 etsi

106 3733 139 3801 ι)
156 3729 214 3785 ca.
232 3730 269 3789 n,
294 3730 340 3791 aa,
366 3731 392 3781 r.
411 3756 442 3769 -
461 3728 493 3797 a)
510 3726 590 3779 ruere.
615 3729 647 3791 a,
671 3730 696 3780 a.
715 3758 747 3766 -
771 3729 804 3796 εν)
822 3727 911 3779 nomer.
930 3727 948 3779 1.
967 3745 992 3796 p.
1013 3730 1070 3783 111.
1093 3761 1123 3771 -
1182 3704 1192 3719 ”

159 3801 192 3869 a)
208 3799 306 3853 marco
324 3797 373 3851 aaa
392 3798 420 3855 a.
440 3827 469 3838 -
490 3798 522 3864 a)
540 3796 611 3849 naar.
632 3798 673 3861 13,
691 3797 732 3849 so.
752 3828 784 3837 -
803 3797 835 3863 s)
853 3796 918 3850 aco
935 3797 994 3850 rue
1013 3815 1089 3850 aas.

819 3871 869 3943 12
