2438 4170
89 228 151 289 ιιι
273 218 284 231 ‘
402 224 630 291 ιιιιιιιιιο
652 224 805 306 ριιιιι
882 234 888 243 ’

88 352 148 411 rius
168 351 323 410 invitatorii
338 346 356 432 ¹)
376 351 564 428 autiphonam
583 352 728 428 inciperet,
749 356 780 412 ιι
800 347 960 411 monachus
979 350 1004 410 el
1020 352 1099 425 proxi·
1154 357 1164 396 ι

88 455 155 498 mus
175 454 248 498 voce
269 436 406 498 mediocri
425 437 574 498 Psalmum
594 440 750 512 intonaret,
770 436 939 512 Herwicus,
956 442 1020 497 tune
1035 433 1097 497 Sub·
1153 424 1164 481 ³¹

88 521 205 604 prior²,)
226 542 292 585 cum
314 526 416 586 ceteris
437 525 596 586 seniombus
616 524 719 586 eadem
732 541 807 585 voce
828 541 888 600 qua
906 480 955 584 ille
972 524 1095 599 inceperat,
1152 526 1164 565 ¹

88 611 211 688 psallere
234 614 337 688 coepit.
379 611 518 673 Stabat·
510 613 621 673 ruvenis
642 612 761 689 quidam
780 613 877 671 minus
897 613 1007 687 sapiens
1021 609 1068 669 ln'
1060 626 1093 667 u·
1134 594 1164 651 ¹

89 699 183 759 feriori
204 716 278 775 pene
298 704 381 775 parte
402 699 490 774 chori,
512 716 562 775 qm
553 699 690 776 'indigne
703 700 796 759 ferens
810 697 960 759 Psalmum
971 703 1026 757 tam
1040 694 1092 756 sub·
1116 679 1164 777 {¹

89 787 176 846 misse
196 788 350 862 inceptum,
370 785 430 847 fere
444 789 570 862 quinque
591 789 665 846 tonis
685 786 766 846 illum
783 785 932 846 exaltavit.
972 782 1092 859 Subprloo
1152 783 1164 821 ¹

91 875 118 933 ei
137 875 300 948 resistente,
330 872 379 933 ille
408 872 509 934 cedere
531 876 694 949 contemsit,
723 878 840 933 etcum
861 871 955 931 multa
971 868 1092 948 perduret
1152 869 1164 947 {¹

89 961 239 1020 victoriam
260 961 391 1021 obtinuit.
433 959 523 1020 Cuius
549 967 646 1036 partes
673 962 703 1019 iu
730 961 862 1036 proximo
893 957 1027 1019 versicub
1047 955 1093 1032 qui·
1154 952 1164 1031 ἓ

90 1046 158 1108 darn
186 1065 223 1108 ex
249 1049 381 1123 opposito
404 1047 491 1107 choro
513 1046 692 1107 adiuverunt
743 1046 869 1122 Propter
900 1044 1094 1106 scandalunt
1156 1036 1164 1078 ¹

90 1134 397 1195 dissonantiaevitium
409 1136 496 1194 ceteri
508 1141 663 1194 cesserunt
705 1133 805 1194 Mox
796 1150 830 1209 ιι,
852 1134 904 1209 qui
916 1124 1095 1212 supra'),ul1t
1158 1125 1164 1165 ¹

91 1221 261 1281 daemonem
282 1221 318 1281 de
339 1221 481 1281 monacho
503 1223 545 1281 sic
561 1221 754 1297 triumphante
775 1222 858 1297 quasi
879 1218 1004 1281 caudens
1019 1217 1096 1278 ram
1142 1212 1164 1291 ᾗ

89 1308 292 1384 prosilientem,
314 1310 372 1368 ιι·
364 1327 394 1367 m
408 1310 570 1385 oppositum
592 1309 740 1369 chorum
732 1325 762 1366 ιι
784 1324 843 1383 eos,
865 1309 917 1384 qui
937 1308 998 1367 eius
1014 1309 1097 1383 parim

90 1389 343 1475 roboraverant),
371 1412 404 1455 ιι
431 1394 655 1455 transferentem.
703 1394 748 1453 Ex
777 1410 835 1470 quo
864 1393 1018 1472 colligitur,
1042 1382 1099 1467 quel

91 1483 183 1559 magis
192 1482 258 1543 Deo
278 1480 422 1563 placeat⁶)
443 1482 670 1542 humiliscantus
684 1499 751 1541 cum
764 1480 1101 1556 cordisdevodcnaqunr
1162 1498 1164 1505 ·

91 1586 179 1630 voces
193 1571 280 1630 etiam
291 1566 343 1650 θ’)
334 1589 363 1628 m
377 1568 489 1630 eoelum
502 1576 675 1646 arroganter
680 1567 830 1629 exaltatae.
850 1567 921 1628 Alia
932 1566 1051 1672 quadam
1063 1576 1102 1623 uo·

92 1663 147 1731 cte,
165 1673 230 1716 cum
243 1658 439 1759 praevenisset
451 1653 472 1736 τ)
493 1656 595 1716 danes
608 1655 647 1716 ad
659 1655 782 1732 vigilias,
803 1661 833 1715 at
844 1656 956 1716 stans
947 1674 977 1714 m
989 1654 1049 1714 loco
1066 1663 1104 1712 ιιι

90 1750 208 1820 propter
234 1745 308 1803 aeris
336 1743 493 1804 claritatem
526 1742 762 1803 considerandam
789 1741 889 1802 oculos
918 1732 1108 1803 ιιιιιιιιιιιι

90 1831 260 1906 fenestram,
281 1848 356 1907 quae
379 1832 473 1891 estun
492 1830 585 1890 fronte
606 1829 764 1905 eeclesiae,
786 1829 894 1889 obiecit
919 1846 953 1890 ιι
974 1829 1047 1888 visui
1063 1826 1110 1887 ein

93 1917 216 1978 daemon
227 1917 373 1995 quidam
364 1936 394 1976 ru
405 1917 567 1995 Aetbyopis
588 1917 689 1994 effigie,
709 1933 832 2009 maguus
853 1922 883 1977 et
899 1917 1072 1994 nigerrimus,
1087 1926 1114 1973 ιι

92 2007 118 2064 si
143 2004 215 2064 hora
244 2004 345 2065 eadem
372 2004 447 2064 ab·
439 2021 505 2080 rgne
534 2004 662 2064 infernali
682 1990 783 2064 fuis'set
809 2009 966 2064 extractus.
1009 1995 1116 2079 Ωιιιι

93 2109 160 2152 enm
181 2109 232 2167 per
253 2091 372 2151 chorum
396 2092 572 2167 superiorem
598 2092 733 2166 veniens,
752 2091 905 2166 ipsumque
925 2089 1118 2166 pertransiere.

95 2196 226 2256 egressus
248 2185 299 2238 est.
341 2177 408 2238 Alio
430 2177 529 2238 itidem
542 2185 679 2254 tempore,
701 2194 768 2237 cnm
782 2177 928 2236 modicum
951 2193 984 2236 se
998 2176 1122 2236 movfsa

94 2265 218 2328 astallo
247 2282 299 2326 suo
329 2264 366 2324 ad
389 2264 628 2325 commonendum
648 2265 764 2340 fratres,
794 2266 943 2340 conspexit
965 2263 1124 2323 daemonem

93 2358 166 2414 inter
185 2351 301 2412 stallum
321 2351 446 2412 Abbatis
468 2358 555 2428 atque
575 2351 682 2411 Prioris
701 2353 807 2411 intrare
829 2366 896 2410 cum
917 2353 1045 2427 impetn,
1071 2350 1125 2426 ipso

93 2446 214 2517 aspectu
235 2439 398 2499 horribilem
418 2440 511 2498 nimis.
554 2438 610 2516 Qui
632 2455 698 2498 eum
718 2441 748 2497 iu
769 2438 888 2498 chorum
902 2438 1012 2497 Prioris
1033 2437 1126 2512 nequl-

94 2618 198 2692 ipsum,
220 2631 254 2674 eo
276 2613 354 2689 quod
375 2615 452 2672 viam
474 2620 657 2688 occupasset,
679 2614 783 2688 raptim
803 2628 836 2671 se
855 2613 886 2670 iu
908 2611 1031 2672 chorum
1051 2610 1129 2671 novi·

95 2705 203 2764 ciorum
225 2700 371 2779 deposuit,
398 2706 427 2759 ιι
448 2700 562 2760 cuidam
582 2699 727 2759 monacho
752 2700 856 2759 seniori
883 2697 942 2758 illic
972 2697 1085 2758 sedenti
1102 2712 1130 2756 ιι

95 2791 249 2850 coniunxit
290 2787 350 2848 Iste
371 2786 533 2862 supradicto
555 2786 713 2862 monacho,
739 2788 789 2862 qui
810 2784 983 2845 daemonem
1003 2787 1085 2844 iuxta
1103 2800 1130 2842 ιι

95 2878 226 2950 ιοιιιιι,
259 2874 400 2934 dissimilis
420 2875 450 2932 iu
464 2875 591 2934 moribus
611 2890 670 2933 nou
691 2880 760 2949 erat,
780 2871 898 2932 bibulus
918 2871 1038 2948 scilicet,
1059 2872 1130 2932 acci·

96 2964 192 3023 diosus
216 2969 245 3021 et
265 2962 385 3021 libenter
405 2979 594 3020 murmurans.
636 2961 714 3020 Ecce
739 2962 795 3020 ista
824 2959 932 3019 debent
951 2975 1017 3019 esse
1039 2958 1131 3018 terrori

94 3049 243 3110 monachis
270 3049 429 3108 accidieris.
477 3046 681 3108 NOVICIUS:
704 3047 778 3106 Tam
799 3047 855 3106 ista
873 3062 960 3121 quam
982 3045 1041 3121 illa,
1063 3059 1131 3121 quae

96 3145 126 3196 te
153 3138 182 3194 iu
211 3134 391 3195 distinctione
419 3136 558 3210 superiori
586 3134 622 3194 de
644 3136 713 3194 vitio
739 3133 866 3194 accidiae
893 3131 1001 3192 dixisse
1027 3131 1131 3204 recolo,

98 3225 258 3297 omnesqui
272 3224 300 3279 iu
323 3222 409 3281 choro
430 3222 551 3281 libenter
565 3220 708 3280 dormiunt
729 3228 759 3281 et
777 3222 859 3281 iuviti
879 3220 1015 3295 psallunt,
1036 3221 1132 3278 merito

97 3319 201 3370 terrere
224 3309 337 3369 debent
372 3308 606 3369 MONACHUS:
627 3307 749 3384 Saepius
767 3307 922 3367 daemones
942 3325 997 3383 per
1017 3307 1132 3367 chorum

116 3464 147 3532 1)
164 3462 333 3515 invitatorium
352 3461 492 3529 appellatur
507 3460 619 3512 Psalmus
636 3459 812 3529 nonagesimus
831 3467 987 3528 quartus—
1007 3459 1040 3526 2)
1058 3458 1132 3510 libro·

167 3549 221 3584 rum
240 3540 381 3583 nostrorum
400 3531 542 3595 lectionem,
561 3531 658 3594 Prior,
677 3529 807 3581 emendavi
825 3528 983 3580 exHomilia.
1018 3528 1055 3580 lle
1072 3528 1133 3580 ιιιι·

166 3604 233 3654 wico
252 3611 310 3653 tuuc
328 3601 473 3668 Subpriore,
491 3610 579 3668 postea
595 3600 689 3663 Priore,
707 3599 765 3652 ride
782 3600 847 3650 infra
864 3598 908 3661 Xl,
927 3599 1018 3650 10.-
1037 3598 1133 3666 3Jsat·

166 3671 447 3723 ιιιιιιιιιιιιιιιιιι-
467 3671 599 3791 ⁴lglibri
592 3688 623 3721 ru
641 3685 758 3721 eum-
773 3668 1010 3732 roboraverat,
1027 3681 1132 3720 mcxse

167 3757 207 3794 om
226 3740 360 3794 ABDP.—
380 3741 411 3807 5)
429 3739 473 3792 ΑΙ)
511 3740 622 3807 placet
641 3738 711 3791 [lac.
725 3767 756 3778 -
775 3738 807 3806 6)
825 3739 923 3791 ιιιιιι
942 3737 993 3791 add
1011 3737 1045 3802 03
1062 3737 1133 3807 paulo

167 3819 225 3880 post
243 3810 284 3864 BP
301 3811 456 3864 exaltare.
477 3840 506 3851 -
528 3810 559 3877 7)
577 3808 617 3862 BG
635 3809 879 3877 pervenissent.
