2438 4170
370 184 373 193 .
408 121 755 187 cannamomum.
1036 124 1098 186 283

71 238 209 326 incapite
236 262 306 319 vero
323 242 341 328 ¹)
367 246 500 308 velamen
520 249 649 324 nigrum,
680 249 761 326 nigro
789 244 979 308 circumdatus
1003 245 1100 322 pallio.

10 388 13 411 ,
67 323 105 388 dt
127 336 198 396 dont
217 333 286 393 milri
307 333 417 410 retubt,
444 334 603 395 monachus
623 333 687 411 illc,
719 336 769 410 qui
796 335 910 393 tertium
931 332 1101 394 daemonem

10 414 14 437 ²
65 412 149 482 iuxta
165 439 198 482 so
214 422 334 496 foverat,
354 423 423 481 satis
445 427 507 481 erat
526 413 731 481 murmuriosus
742 417 763 501 ²)
785 427 814 481 et
833 437 892 479 non
904 437 1006 497 parum
1020 421 1100 480 acci-

63 495 178 584 diosus,
204 510 234 568 in
256 508 344 568 choro
364 507 485 568 libenter
505 507 665 584 dormiens,
686 514 715 568 et
735 510 841 568 inritus
861 506 1002 583 psallens,
1023 506 1100 567 hila·

59 585 127 652 fior
149 594 187 655 ad
212 594 385 672 potandum,
413 612 501 670 quam
521 594 560 655 ad
581 595 764 655 mutandum.
805 594 956 655 Breviorcs
985 593 1099 670 vigiliae

58 673 234 742 videbantur
262 684 289 741 ci
315 698 427 758 semper
446 676 638 758 longissimae.
679 681 746 741 Alio
774 681 873 741 itidem
900 687 1041 757 tempore,
1070 682 1099 739 in

55 760 170 844 vigilia,
189 775 223 827 ut
242 775 322 844 puto,
344 771 435 829 sancti
457 767 642 843 Columbani,
664 774 732 828 tunc
753 785 787 828 eo
810 770 965 828 exsistente
984 767 1100 844 Priore,

53 857 133 914 mm
153 854 256 915 chorus
277 853 401 914 Abbatis
422 857 560 931 inciperet
579 857 702 931 primum
722 857 926 914 matutinarum
942 855 1099 930 Psalmum,

51 938 186 1002 Scilicet:
207 943 355 1014 Domine,
378 942 450 1017 quid
470 944 656 1017 multiplicati
676 948 747 1001 sant
767 940 982 1018 petractabant
1002 937 1099 1021 mc³)'?

52 1013 219 1089 daemones
239 1031 270 1087 in
292 1028 379 1088 choro
400 1027 474 1088 adeo
489 1029 668 1103 multiplicati
688 1034 763 1103 sunt,
783 1034 816 1086 ut
837 1045 873 1086 ex
892 1027 1005 1087 illorum
1027 1045 1099 1088 con·

52 1117 151 1175 i2ilrrm
171 1122 201 1175 ct
221 1115 351 1176 discursu
371 1132 439 1174 mox
460 1117 489 1173 in
510 1114 612 1175 eodem
633 1115 749 1175 Psalmo
770 1114 871 1174 iratres
891 1113 1058 1175 fallerentur
1066 1111 1099 1195 ⁴).

55 1189 146 1273 Quos
171 1219 237 1263 cum
273 1202 390 1262 chorus·
406 1205 553 1279 oppositus
580 1207 731 1263 conaretur
759 1204 914 1278 corrigere,
938 1200 1100 1262 daemones

56 1282 311 1350 &convolaverunt
332 1296 362 1348 et
382 1306 414 1348 se
434 1289 488 1348 illis
510 1291 661 1349 miscentes
681 1291 722 1348 ita
743 1305 793 1348 eos
806 1284 825 1368 ⁵)
847 1290 1044 1364 turbaverrmt,
1066 1296 1099 1348 ut

61 1382 179 1446 prorsus
207 1378 349 1436 nescirent
376 1375 445 1451 quid
476 1376 637 1451 psallerent.
691 1374 832 1435 Clamavit
863 1375 967 1434 chorus
1000 1383 1099 1436 contra

65 1459 192 1524 thorum.
233 1463 375 1522 Dominus
395 1461 498 1522 Abbas
518 1462 705 1536 Eustaclrius,
738 1468 768 1521 et
794 1462 876 1520 Prior
902 1461 1098 1536 Hermannus,

68 1551 114 1624 qui
133 1549 207 1610 baec
227 1549 308 1625 vidit,
329 1567 348 1609 a
368 1547 458 1608 stallis
480 1551 539 1608 suis
560 1550 670 1625 semoti,
695 1565 761 1607 cum
782 1550 851 1608 satis
871 1548 910 1606 ad
930 1548 987 1608 hoc
1009 1565 1098 1608 cona-

68 1641 168 1712 rentur,
188 1653 247 1696 non
267 1641 400 1713 poterant
419 1635 483 1695 illos
504 1635 542 1695 ad
562 1638 640 1694 uam
652 1634 828 1711 psalmodiae
840 1634 985 1709 reducere,
1005 1652 1099 1711 nequo

67 1739 168 1785 vocum
197 1722 385 1783 dissonantias
413 1725 502 1782 unire.
544 1721 675 1782 Tandem
702 1721 819 1781 Psalmo
850 1721 900 1779 illo
928 1721 1041 1782 modico
1070 1727 1100 1782 et

67 1808 148 1883 valde
168 1796 289 1885 hnuto,
322 1826 387 1868 cum
407 1808 506 1869 labore
526 1811 632 1885 pariter
652 1815 739 1884 atque
761 1782 926 1869 codfnsione
947 1808 1098 1884 qualicun-

66 1911 119 1973 que
140 1895 227 1956 modo
240 1895 362 1972 expleto,
384 1894 523 1970 diabolus,
544 1899 632 1955 totins
648 1897 820 1956 confusionis
843 1901 937 1971 caput,
960 1913 1025 1956 cum
1039 1898 1099 1956 suis

63 1981 233 2058 satclbtibus
264 1983 407 2059 abcessit,
446 1989 475 2042 ct
506 2000 564 2058 pax
596 1982 712 2043 turbata
742 1982 929 2063 psallentibus
968 1985 1097 2043 accessit.

64 2067 157 2146 Quem
177 2069 279 2130 eadem
299 2069 371 2129 hora
391 2069 553 2145 praedictus
570 2069 653 2128 Prior
672 2072 702 2129 in
723 2068 814 2129 forma
835 2069 974 2145 draconis,
995 2070 1097 2130 hastae

48 2154 218 2218 'habentem
237 2156 450 2233 longitudinem,
472 2157 585 2216 evolare
607 2156 696 2231 vidit,
717 2162 747 2216 ct
766 2157 822 2216 hoc
836 2159 916 2217 iuxta
932 2156 1097 2233 lampadem

61 2243 92 2302 in
113 2242 201 2304 choro
222 2243 383 2318 ardentem,
410 2260 448 2302 ne
477 2245 537 2303 eius
565 2244 703 2304 abcessus
731 2242 820 2303 latere
847 2250 946 2320 posset
966 2252 1096 2305 oontem-

61 2329 198 2407 plantem.
235 2329 354 2406 Reliqui
376 2329 529 2390 daemones
543 2331 679 2389 umbrosa
693 2330 840 2390 habebant
854 2347 981 2407 corpora,
1001 2332 1095 2390 inian-

39 2488 42 2492 Α
59 2417 138 2478 tibus
159 2419 275 2492 maiora,
297 2434 418 2492 quornm
431 2416 518 2477 facies
532 2416 606 2477 ferro
625 2416 661 2478 dc
674 2420 740 2494 igne
754 2423 880 2477 exuncto
894 2425 974 2478 erant
985 2417 1095 2476 similli-

61 2520 135 2564 mae.
178 2502 380 2570 NOVICIUS:
408 2504 454 2562 Ex
482 2521 539 2580 qno
561 2509 605 2564 tot
625 2503 778 2564 daemones
800 2507 964 2580 congregati
983 2504 1096 2564 lucrant

59 2591 90 2651 iu
108 2589 175 2651 loco
197 2607 255 2658 uno
277 2591 315 2651 ad
326 2590 558 2666 impedimentum
576 2592 803 2668 congregationis
816 2593 899 2649 unius
907 2587 937 2670 ⁶),
957 2608 1017 2650 non
1038 2590 1095 2649 du-

60 2677 121 2738 bito
143 2678 211 2753 quin
224 2677 444 2737 innumerabiles
465 2680 570 2736 sintin
592 2679 662 2737 orbe
682 2683 828 2736 terrarum.
858 2675 1094 2738 MONACHUS:

60 2762 149 2825 Teste
168 2763 342 2840 Evangelio,
372 2763 448 2841 legio
475 2767 630 2824 intraverat
657 2763 802 2823 hominem
829 2781 919 2822 unum
932 2761 962 2843 ⁷).
1010 2763 1095 2824 Unda

60 2852 129 2928 quia
149 2850 231 2909 multi
253 2857 320 2910 sunt
341 2857 370 2911 et
390 2850 467 2926 mali,
488 2856 517 2910 et
538 2851 576 2910 ad
596 2851 830 2926 impedimentum
851 2849 950 2910 salutis
971 2857 1094 2927 nostrae,

59 2944 93 2999 ut
112 2937 291 3014 praedictum
312 2944 370 3013 cst,
399 2937 456 2998 heu
477 2940 560 2996 nirnis
580 2939 686 3012 parati,
707 2937 833 3012 consulo,
854 2943 887 2996 ut
909 2935 1009 3018 dumi)
1031 2945 1093 3000 sta-

58 3041 124 3085 mus
145 3023 184 3084 ad
204 3024 400 3100 psallendum,
432 3025 628 3099 circumspecti
649 3026 737 3084 simus
759 3030 788 3084 ct
808 3026 923 3100 intenti,
950 3025 1093 3086 ferventes

59 3119 88 3175 et
102 3111 233 3186 humiles,
253 3130 290 3172 nc
312 3113 444 3170 meritum
464 3113 556 3170 sancti
567 3111 685 3170 fervoris
699 3114 861 3188 exstinguat
877 3114 977 3171 vitium
991 3130 1094 3188 super·

56 3199 114 3261 bae
135 3199 353 3263 sociarationis.
395 3198 430 3258 In
444 3204 583 3273 quantum
604 3200 680 3257 enim
700 3197 817 3274 maligni
837 3198 951 3273 spiritus
971 3201 1092 3260 turban-

57 3292 104 3347 brr
123 3288 153 3344 in
175 3285 269 3346 cordis
288 3286 378 3346 nostri
399 3285 564 3358 devotione,
592 3285 622 3342 in
648 3291 760 3344 tanturn
780 3285 969 3345 laetificantur
988 3288 1019 3344 in
1040 3303 1092 3345 su·

55 3374 147 3451 perba
167 3371 470 3435 uocumcxaltationc.
513 3366 619 3452 Oum⁹l
641 3376 726 3432 nocte
747 3371 872 3447 quadam
893 3371 1091 3433 hebdomada-

73 3560 105 3629 1)
123 3558 144 3613 G
161 3560 237 3612 eiua.
255 3589 285 3599 -
315 3559 348 3626 2)
371 3557 413 3611 Bc
436 3572 664 3611 murmurosus.
685 3586 715 3596 -
742 3558 776 3680 *33
793 3558 858 3611 Psal.
876 3560 902 3612 3.
925 3588 956 3599 -
984 3560 1016 3627 4)
1033 3558 1091 3611 libri

124 3627 296 3682 lallarent.
316 3657 348 3669 -η
373 3628 405 3695 5)
424 3643 478 3679 eos
496 3626 545 3679 add
564 3626 612 3680 BG.
632 3656 664 3666 -
683 3626 752 3695 6)ss
789 3630 885 3680 nnius
912 3644 1090 3698 congrega-

124 3699 237 3752 tionis.
257 3727 288 3738 -
308 3696 340 3767 7)
357 3697 433 3752 llaro
451 3700 478 3763 5,
495 3697 519 3750 9.
539 3725 571 3736 -
589 3696 621 3765 8)
638 3695 679 3753 Bc
696 3712 773 3752 oum.
793 3727 823 3736 -
842 3699 873 3768 a)
891 3697 936 3751 Al)
954 3697 1034 3753 dum.
