2438 4170
441 239 497 300 nu
518 215 782 301 mmlnrouu.
1064 240 1126 296 rer

135 362 251 426 ucles:
275 363 321 423 Ex
341 361 398 423 hoe
418 362 483 422 loeo
504 366 572 423 satis
601 363 743 439 intelligo,
772 360 850 437 quod
879 378 915 420 ex
935 361 1040 419 virtute
1062 376 1128 420 eor-

134 451 211 526 poralls
226 453 403 511 innocentiae
424 452 454 508 in
474 456 568 509 mente
589 450 674 508 huius
696 449 828 509 monaehi
849 455 949 507 natum
970 450 1007 506 sit
1027 449 1128 505 mfium

135 538 200 597 uuir
216 538 326 615 gloriae.
368 536 607 597 MONACHUS:
629 537 690 596 Nee
711 537 776 596 Deo
798 535 901 612 placet,
922 551 975 593 nec
998 533 1129 592 diabolus

134 624 192 683 int
207 627 261 685 sine
281 624 440 685 humilitate
461 626 666 701 virginitatem,
694 640 760 682 cum
788 629 884 682 tamen
906 621 971 680 De'o
1000 620 1128 697 placeat,

133 708 271 773 ambolus
279 715 378 772 timeat
391 715 451 772 sine
468 712 629 788 virginitate
641 709 838 769 humilitatem.
867 709 943 768 Ecce
958 707 1128 783 exemplum.

400 861 403 867 ’
459 899 691 961 elambuere
719 900 771 960 vr.

162 1019 199 1079 De
218 1022 381 1083 llwobaldo
401 1026 524 1095 boemie,
546 1025 599 1098 qui
620 1022 822 1081 immunditiae
844 1019 966 1079 bibendo
987 1026 1085 1078 met-ree

442 1109 595 1185 superbiae
625 1112 784 1169 restrinxit.

176 1244 252 1323 Apud
271 1264 324 1307 nos
345 1247 502 1307 monachus
524 1248 639 1323 quidam
659 1247 727 1322 tuit,
759 1244 943 1305 Theobaldus
965 1247 1078 1303 nomine
1096 1242 1126 1325 ¹),

131 1335 180 1389 ne
196 1337 402 1394 couversionem
422 1333 545 1393 leccator
557 1333 577 1414 ²)
600 1352 693 1409 opere,
714 1336 781 1392 vino
805 1339 833 1392 et
848 1333 1002 1391 tesseribus
1017 1332 1129 1390 deditus

130 1418 195 1493 iliis,
212 1426 238 1480 et
255 1428 370 1498 propter
392 1438 473 1480 suam
488 1420 683 1480 scurrilitatem
704 1423 733 1478 in
755 1425 817 1478 tota
839 1422 952 1478 civitate
967 1418 1128 1478 Coloniensi

130 1504 271 1569 miramus.
322 1508 416 1584 Saepe
443 1506 522 1566 illum
552 1507 660 1566 nullum
688 1525 739 1582 per
767 1506 879 1582 plateas
909 1506 1036 1565 eiusdem
1057 1508 1128 1564 eivi-

129 1588 180 1647 hbs
194 1593 316 1654 incedere
336 1596 405 1654 vidi.
453 1593 640 1653 Tandem'de
661 1594 831 1653 scurrilitate
852 1610 905 1651 sua
927 1600 1128 1667 compunctus,

128 1669 157 1729 ἃᾶ
171 1676 386 1742 intercessionem
406 1682 538 1741 Priorum
549 1678 569 1761 ³)
593 1679 803 1739 Coloniensium
824 1697 843 1738 a
864 1679 979 1737 domino
994 1678 1128 1737 Gerardo

71 1816 74 1823 .
126 1752 218 1827 Abbete
233 1775 329 1828 nostro
348 1775 506 1844 susceptus,
526 1769 555 1826 in
578 1767 663 1826 domo
677 1773 776 1825 nostra
792 1767 920 1824 novicius
944 1772 987 1823 est
1003 1766 1129 1824 effectus.

127 1836 182 1907 &lm
201 1861 271 1915 esset
290 1857 510 1931 inprobatione,
532 1872 649 1930 sperans
671 1854 735 1912 Deo
757 1853 826 1911 nihil
848 1868 910 1910 esse
926 1851 1129 1927 acceptabilius

124 1936 234 2001 brito
277 1941 466 2017 humilitatis,
501 1948 533 1999 ut
575 1943 629 2000 sibi
669 1940 766 1999 lavere
804 1939 1007 1999 concederetur
1055 1957 1130 2013 pau-

120 2012 213 2087 nitulos
238 2031 426 2088 canteriorum
454 2031 570 2104 petivit,
602 2033 630 2087 et
652 2029 781 2086 obtinuit.
825 2026 910 2103 Quod
932 2044 997 2084 cum
1018 2026 1130 2085 iecisset

117 2107 159 2167 9⁰1
177 2110 234 2175 dies
255 2116 373 2191 aliquot,
394 2121 516 2175 tentator
537 2115 630 2188 affuit,
652 2120 680 2174 et
701 2117 805 2190 sagitta
826 2115 977 2188 superbiae
999 2130 1047 2171 eor
1070 2115 1129 2172 eius

115 2184 271 2279 wlneranss
280 2202 443 2262 huiusmodi
457 2203 642 2278 cogitationes
655 2204 790 2260 immisit:
811 2200 887 2276 Quid
901 2204 970 2276 agis,
988 2217 1005 2258 o
1022 2199 1129 2258 stulte?

111 2262 178 2341 (Mil
201 2289 236 2349 ad
256 2295 285 2349 te
305 2292 428 2365 pertinet
448 2288 552 2348 homrn
565 2288 766 2363 immunditias,
789 2305 910 2363 quornm
931 2294 961 2344 tu
983 2287 1054 2346 forte
1075 2305 1130 2344 na-

107 2350 178 2427 mne
201 2379 287 2437 maior
309 2371 389 2456 es⁴)‚
417 2375 537 2435 lavare?
579 2376 658 2433 Dum
686 2375 848 2433 huiusmodi
870 2376 1055 2450 cogitationes
1076 2373 1130 2432 ali-

102 2448 209 2522 quailto
235 2470 363 2539 tempore
391 2465 419 2520 in
447 2465 508 2522 eius
538 2461 623 2520 eorde
651 2467 847 2534 versarentur,
879 2480 897 2519 a
925 2459 1039 2519 diabolo
1067 2460 1130 2518 illas

97 2534 157 2622 {⁸⁸0
194 2550 364 2627 intelligens,
394 2551 442 2625 qui
469 2566 519 2607 rex
547 2554 590 2607 est
611 2566 697 2622 super
719 2565 816 2606 omnes
838 2546 911 2607 filios
933 2548 1083 2621 superbiae
1096 2546 1129 2624 ⁵),

92 2603 128 2669 ὼε
162 2634 292 2711 quadem
312 2637 479 2713 panniculos
501 2632 616 2714 solito⁶)
639 2634 799 2710 diligentius
824 2633 903 2708 lavit,
924 2640 953 2692 et
974 2640 1005 2691 ut
1027 2633 1129 2692 diabo-

84 2685 148 2787 ,ΜΠ
184 2724 301 2799 amplius
323 2723 521 2797 confunderet,
548 2725 759 2797 immissamque
777 2721 939 2795 superbiam
960 2719 1130 2791 retunderet,

80 2790 195 2867 'barn
215 2810 387 2870 aerumnam
408 2811 490 2870 erere.
532 2809 613 2868 veut
633 2809 706 2867 haee
736 2807 881 2881 ffiabolus,
909 2813 937 2865 et
958 2806 1073 2880 rra-int,
1102 2812 1131 2865 ee

73 2874 190 3003 gueni
208 2914 258 2973 per
278 2899 405 2973 spiritum
428 2896 579 2972 superbiae
600 2903 777 2971 prosternere
798 2911 856 2953 non
876 2895 984 2969 potuit,
1014 2895 1130 2952 terrori-

89 2964 138 3020 αθ
181 2990 402 3071 aggressusest
434 2984 516 3042 Haee
539 3000 613 3058 quae
635 2983 806 3056 dictasunt,
829 2981 923 3039 rebrlit
945 2980 1013 3037 milri
1036 2980 1129 3038 dorni-

70 3045 136 3135 ⁰f¹⁸
178 3068 315 3130 Henricus
336 3068 438 3129 Abbas'
467 3076 579 3144 noster,
608 3085 737 3128 asserens
767 3086 797 3127 se
826 3068 863 3127 ab
893 3070 953 3126 eius
976 3084 1024 3125 ore
1046 3067 1130 3126 audi-

70 3135 208 3236 ”er
228 3157 281 3217 suh
303 3162 374 3234 type
395 3156 587 3216 consessionis.
619 3156 663 3214 Ex
683 3158 747 3232 ipsa
768 3157 843 3214 enirn
856 3154 1002 3213 immunda
1019 3159 1047 3212 et
1067 3154 1130 3212 soe-

75 3341 135 3420 t)
171 3375 208 3431 GP
223 3380 350 3431 nomine
372 3377 582 3430 Theobeldus.
600 3406 633 3415 -
651 3376 684 3444 2]
701 3376 750 3428 hoe
768 3385 816 3439 est,
834 3390 932 3438 scurra,
950 3373 1015 3426 conl.
1034 3372 1087 3435 llll,
1105 3376 1129 3424 5.

175 3476 204 3487 -·
222 3449 253 3516 3]
271 3448 370 3501 Priores
387 3447 436 3499 hoc
454 3446 511 3499 loco
530 3456 587 3498 sunt
605 3447 749 3514 presbytcri
767 3449 876 3513 priores,
897 3453 925 3495 ut
943 3452 1001 3496 sunt
1019 3443 1130 3509 Praepo-

174 3517 355 3570 sitietDeeaui.
373 3517 474 3581 1x‚2s:
491 3519 601 3583 „statim
614 3516 742 3568 Coloniam
761 3517 878 3577 cucurrit,
897 3513 1046 3576 conradum,
1064 3528 1130 3562 nune

173 3585 340 3655 Praepositum
357 3589 485 3650 maiorem,
502 3586 704 3646 tunellecanum,
722 3594 869 3653 ceterosque
879 3584 976 3636 Priores
986 3584 1128 3634 convenit.“

175 3655 242 3711 eont
260 3657 302 3723 vl,
319 3658 360 3709 27.
378 3657 431 3721 vll,
449 3658 490 3710 39.
510 3657 551 3719 lli,
569 3657 611 3707 25.
630 3657 672 3709 65.
685 3685 716 3695 -
736 3656 767 3777 t)
785 3655 805 3707 B
823 3656 960 3706 natione
978 3652 1132 3719 superior

175 3740 220 3791 es,
235 3726 256 3779 G
272 3722 424 3795 superior
441 3743 475 3777 es
493 3728 632 3778 notione.
648 3755 678 3765 -
699 3726 730 3793 5)
763 3724 795 3776 ob
812 3724 856 3788 tt,
873 3724 957 3777 25.-
977 3722 1009 3789 6)
1028 3719 1132 3772 solito

176 3808 213 3847 oro
229 3795 278 3851 BG.
296 3826 329 3836 -
347 3796 379 3866 7)
396 3796 417 3850 G
433 3796 575 3848 audisse.

824 3862 880 3943 &ir
