2438 4170
368 745 634 843 olsrrnono
665 699 815 843 rom

221 920 329 1002 DE
366 920 967 1004 CONVERSIONE.
1013 1030 1018 1055 ἲ
1115 935 1120 943 ’

412 1092 780 1143 ψ

454 1229 688 1315 carnutum
709 1254 733 1311 r.

289 1376 336 1434 De
355 1379 537 1436 institutione
563 1377 674 1436 ordinis
697 1375 897 1436 Oistercicnois.

139 1514 305 1574 GUPIENS
341 1516 420 1591 loqui
455 1514 491 1574 de
528 1518 727 1590 conversione,
763 1515 838 1574 illius
873 1517 994 1592 gratiam
1008 1511 1024 1594 ¹)
1063 1516 1109 1573 in-

71 1619 165 1677 voco,
195 1605 244 1677 qui
271 1603 395 1678 loquitur
426 1619 529 1679 pacem
550 1605 580 1660 in
610 1602 726 1679 plebem
755 1621 837 1662 suam
870 1608 899 1661 et
928 1619 1012 1677 super
1040 1619 1110 1661 san·
1178 1624 1181 1629 ·

71 1697 135 1750 ctos
165 1707 234 1748 suos
264 1696 293 1748 et
319 1694 349 1748 in
378 1706 427 1749 eos
457 1692 505 1765 qui
538 1696 740 1749 convertimun
768 1689 807 1748 ad
829 1685 921 1769 cor²).
963 1689 1034 1748 Eius
1067 1696 1110 1747 est

70 1777 226 1836 scribenda
256 1778 411 1852 inspirare,
441 1777 582 1836 calamum
610 1777 785 1854 gubemare,
814 1776 976 1836 mercedem
1003 1775 1109 1835 laboris

71 1881 291 1939 recompensare
300 1860 330 1944 ³).
372 1863 421 1923 Ab
442 1866 505 1939 ipso
528 1867 604 1923 enim
625 1863 756 1922 salutaris
779 1870 822 1922 est
851 1865 1013 1938 conversio,
1043 1865 1110 1938 quia

72 1968 147 2026 quos
167 1957 299 2026 potenter
320 1953 466 2026 convertit,
487 1950 524 2010 ab
547 1951 591 2010 his
613 1949 830 2011 misericorditer
844 1953 916 2010 irem
930 1966 1109 2010 suamaver-
1192 2012 1194 2023 ¹

71 2040 114 2096 tit
157 2036 361 2098 NOVICIUS:
393 2037 514 2098 Videtur
542 2037 612 2097 mihi
642 2040 848 2112 necessarium,
880 2045 913 2096 ut
943 2039 1109 2113 priusquam

71 2129 178 2184 tractes
201 2124 237 2184 de
258 2127 362 2183 virmte
384 2127 585 2200 conversionis,
605 2127 769 2185 summatim
789 2127 978 2202 perstringes,
1000 2140 1057 2199 quo
1078 2125 1109 2181 in

71 2211 151 2286 loco,
184 2229 204 2271 a
225 2213 328 2287 quibus
349 2215 493 2287 personis,
525 2230 583 2287 qua
603 2215 772 2272 necessitate
795 2211 864 2270 ordo
886 2218 983 2270 noster
1004 2213 1041 2270 sit
1060 2212 1107 2268 in-

71 2301 208 2374 stitutus,
229 2305 262 2357 ut
282 2300 323 2357 sic
344 2301 437 2374 posito
458 2298 642 2359 fundamento
664 2298 883 2375 superaedifices
903 2300 1026 2374 parietes
1046 2299 1107 2374 spi-

71 2384 188 2444 rituales
211 2403 247 2445 ex
277 2385 419 2462 lapidibus
446 2388 532 2461 vivis,
563 2387 674 2462 politis,
702 2389 848 2462 pretiosis,
878 2388 927 2461 qui
952 2385 1107 2444 volvuntur

70 2479 291 2549 superterram.
334 2471 567 2533 MONAOHUS:
589 2473 624 2531 In
645 2473 821 2549 Episcopatu
837 2469 1043 2552 Lingoneasit)
1065 2473 1107 2530 si-

71 2568 133 2618 tum
156 2566 199 2618 est
229 2559 413 2634 coenobium,
441 2563 555 2619 nomine
576 2559 741 2634 Molismus,
773 2560 850 2618 fama
878 2559 1107 2633 celeberrimum,

71 2648 208 2723 religione
228 2649 419 2723 perspicuum,
439 2649 507 2706 viris
529 2647 686 2706 illustribus
706 2647 896 2722 nobilitatum,
916 2647 1111 2721 possessioni-.

71 2734 126 2792 bus
149 2733 284 2808 amplum,
305 2735 457 2793 virtutibus
480 2734 594 2792 clarum.
636 2734 674 2792 Et
696 2736 764 2809 quia
781 2733 884 2794 divitiis
897 2733 1107 2806 virtutibusque

72 2819 205 2879 mumma
226 2837 283 2879 non
304 2826 400 2896 potest
422 2838 484 2880 esse
505 2823 642 2896 societas,
670 2822 724 2879 viri
750 2823 881 2879 nimirum
913 2822 1055 2896 sapientes
1078 2827 1107 2878 et

72 2909 209 2965 virtutum
230 2914 391 2982 amatores,
413 2907 497 2966 altius
517 2907 721 2984 intelligentes,
742 2908 809 2966 licet
829 2907 948 2966 honeste
970 2910 999 2965 in
1019 2923 1105 2982 prae-

71 2994 129 3053 lato
160 2994 297 3053 coenobio
326 2997 470 3069 viverent,
509 2997 602 3053 minus
631 3000 727 3053 tamen
753 2996 846 3069 ipsam
874 3012 961 3069 quam
987 2994 1106 3070 professi

70 3080 182 3139 merant
203 3082 349 3159 regulam,
372 3084 438 3157 quia
460 3083 644 3140 observarent
666 3081 891 3156 considerantes,
906 3080 1012 3140 ‘habito
1033 3083 1107 3140 inter

71 3184 101 3227 se
133 3171 276 3226 communi
287 3165 307 3248 ⁵)
338 3168 471 3242 consilio,
503 3171 603 3245 viginti
632 3174 660 3227 et
693 3186 767 3226 unus
796 3168 929 3227 monachi
954 3186 1012 3227 una
1040 3185 1107 3226 eum

70 3261 152 3330 patre
173 3272 234 3331 suo,
255 3249 398 3334 nomine⁶)
413 3255 556 3335 Roberto,
578 3257 705 3313 unanimi
726 3254 977 3329 assensu‚=eodem
999 3257 1107 3330 spiritu

71 3348 210 3401 venemnt
252 3344 280 3400 in
324 3342 419 3401 locum
458 3343 580 3401 horroris
603 3349 631 3400 et
659 3349 759 3401 vastae
792 3342 963 3417 solitudinis,
992 3345 1106 3400 nomine

72 3425 252 3503 sacreum,
280 3429 321 3488 ibi
349 3431 445 3488 vivere
479 3432 625 3505 cupientes
658 3428 693 3488 de
715 3445 800 3505 opere
822 3447 958 3488 manuum
989 3447 1105 3488 suarum

90 3611 159 3682 013
184 3615 321 3734 {retiam
348 3612 458 3679 illius,
483 3614 660 3684 (lgratiarn
687 3616 766 3667 eius.
785 3645 818 3698 '‘.
837 3616 868 3684 2)
886 3615 951 3667 Psal.
969 3617 1012 3680 84,
1028 3617 1052 3667 9.
1073 3645 1104 3696 ‘'.

141 3683 173 3751 3]
226 3697 448 3752 compensare.
467 3715 498 3724 -
517 3686 548 3752 4)
567 3685 587 3736 B
605 3685 828 3754 lugdunensi.
848 3715 878 3724 -
898 3685 931 3754 5)
949 3701 1109 3739 communi

140 3766 181 3820 pm
199 3751 247 3807 oc.
267 3783 298 3794 —·
317 3753 349 3822 6]
367 3756 494 3806 nornine
511 3769 552 3807 orn
570 3754 597 3808 P.
