2438 4170
367 225 437 287 ba
458 221 721 287 ΤΕΝΤΑΤΙΟΝΕ.
830 240 835 249 ·
1010 222 1071 283 261

72 348 109 409 lus
126 345 293 423 wlneravit,
313 350 346 406 ut
366 349 511 423 quiescere
532 363 590 405 non
610 351 717 421 posset
759 343 871 404 Literas
884 343 1074 403 revocationis
1104 368 1110 390 ι
1153 336 1158 343 ’

72 452 111 513 psa
128 435 245 497 dictavit
266 439 295 492 et
315 436 433 510 scripsit,
454 436 483 492 in
505 435 608 508 quibus
631 450 697 492 eum
718 433 811 508 arguit
833 429 868 490 de
880 431 1074 502 conversione,

72 523 212 583 uuamtur
232 520 271 581 ad
291 521 420 596 reditum,
442 520 539 580 dicens
561 536 592 579 se
621 520 722 594 ipsam,
744 518 861 577 domum
883 524 912 576 et
932 516 1074 593 praeben-

72 604 125 685 lrn,
142 608 189 670 vel
210 611 235 667 si
256 625 313 683 qua
333 608 462 682 haberet,
483 609 514 665 in
536 608 596 665 eius
619 604 723 665 debere
745 622 807 664 esse
821 609 963 680 potestate
979 600 1075 679 quoad

72 696 167 772 rivaret,
199 697 223 754 si
243 693 333 754 redire
355 694 450 755 vellet.
493 693 556 752 Has
577 692 673 752 literas
697 704 763 752 cum
783 694 907 750 misisset
926 707 979 766 per
1000 706 1074 767 pue-

72 796 122 857 un,
140 789 167 842 et
186 781 234 841 ille
256 788 404 857 quaereret
424 783 583 855 novicium,
604 779 766 854 Henrieus,
789 778 917 839 eiusdem
936 778 1042 836 novicii
1057 771 1075 855 ¹)

72 884 216 945 gmanus,
238 871 287 943 qui
307 867 392 927 hodie
414 867 572 926 cellerarius
593 874 691 925 noster
713 871 771 940 est,
803 881 886 924 servo
908 880 1074 938 occurrens,

72 953 151 1015 ctlroc
171 957 273 1030 ipsum,
296 955 372 1030 quod
394 961 495 1030 postea
518 956 620 1027 evenit,
641 952 804 1026 formidans,
824 969 883 1010 non
903 952 1030 1027 permisit
1042 956 1076 1008 ut

72 1040 272 1117 eloqueretur,
299 1043 476 1117 praecipiens
498 1045 531 1099 ut
552 1042 631 1099 ocius
654 1043 742 1098 exiret
764 1039 800 1098 de
822 1040 907 1097 curia
951 1037 1007 1114 Qui
1028 1044 1074 1096 ta-

71 1142 122 1187 nen
135 1130 276 1188 novicium
295 1129 326 1186 in
348 1129 468 1187 oratorio
489 1127 676 1203 praestolans,
698 1125 793 1184 literas
813 1127 938 1201 porrexit
959 1124 1075 1184 etabiit

71 1210 131 1288 um
148 1220 181 1274 ut
200 1215 278 1290 legit,
298 1231 366 1273 mox
387 1220 464 1273 totus
485 1213 639 1288 incanduit,
660 1230 695 1272 ae
717 1215 741 1271 si
762 1212 851 1271 telum
863 1214 983 1288 ignitum
998 1209 1076 1270 cordi

71 1299 116 1359 sm
132 1301 248 1360 infixum
275 1301 381 1360 luisset
423 1300 472 1360 Ab
501 1301 550 1358 illa
577 1300 648 1359 hora
656 1296 677 1378 2)
701 1317 767 1358 cum
794 1305 950 1358 tentaretur
976 1299 1075 1372 nimis,

71 1385 280 1469 arrengum
301 1388 379 1447 horis
402 1386 439 1447 ad
462 1387 608 1446 saeculum
628 1387 719 1445 redire
747 1391 932 1462 proponeret,
964 1401 1076 1461 semper

71 1476 143 1533 lemen
162 1477 211 1551 pia
231 1475 349 1534 bubum
371 1477 497 1534 oratione
526 1481 611 1549 atque
641 1473 836 1532 exlrortatione
865 1472 996 1532 detentus
1024 1477 1076 1530 est

71 1554 112 1618 Die
129 1560 250 1636 quadam
272 1578 337 1620 eum
359 1567 435 1621 esset
456 1561 533 1620 solus
554 1563 583 1618 in
603 1561 780 1635 probatione,
802 1566 831 1619 et
852 1558 936 1619 valde
952 1559 1076 1617 fluctua-

71 1649 112 1720 nt,
136 1665 219 1724 super
239 1653 344 1708 terram
365 1665 397 1707 se
417 1665 524 1723 pronus
549 1649 716 1723 prostravit,
744 1642 861 1725 pedos³)
884 1663 969 1723 super
990 1645 1076 1703 limen

71 1730 140 1793 oollae
161 1734 300 1808 extendit,
326 1751 399 1794 voce
427 1737 495 1794 satis
516 1734 575 1792 alta
597 1734 723 1793 clamans
745 1740 773 1792 et
794 1733 905 1792 dicem:
938 1730 1076 1804 Diabole,

71 1816 112 1877 ria
126 1816 181 1902 vi⁴)
202 1821 324 1897 pedibus
344 1821 411 1880 binc
432 1838 478 1879 me
501 1820 641 1894 extrahas,
662 1838 720 1879 non
741 1826 769 1878 te
791 1836 903 1894 sequar.
946 1817 1076 1878 Tandem

71 1904 169 1977 berei
181 1910 301 1984 gratiam
321 1907 507 1983 triumphans,
527 1909 619 1967 lactus
641 1914 684 1966 est
704 1907 871 1966 monachus.
913 1905 1078 1982 Requisitus

71 2003 146 2068 rnre,
165 1996 189 2054 si
209 1994 304 2055 adhuc
326 1994 436 2070 aliquas
459 1994 494 2054 de
517 1995 685 2070 supradictis
700 1990 939 2071 cogitationibus⁵)
961 1994 1079 2052 sentiret

71 2074 190 2156 obuias,
211 2080 371 2157 respondit:
393 2081 478 2155 Vere,
499 2077 623 2161 irater⁶),
644 2085 813 2141 tentationes
836 2098 910 2156 quae
923 2088 991 2139 tunc
1003 2086 1078 2139 tem-

71 2166 130 2234 poris
149 2168 290 2229 sciderunt
312 2184 361 2227 cor
382 2186 493 2243 meum,
522 2168 607 2227 modo
629 2171 676 2227 vix
698 2170 868 2227 vestimenta
889 2184 955 2226 mea
974 2167 1042 2226 foris
1057 2161 1078 2244 ²)

71 2251 200 2331 affingant.
242 2254 349 2314 Postea
369 2257 460 2314 maior
482 2254 643 2314 cellerarius
664 2255 741 2330 apud
752 2272 805 2314 nos
815 2255 915 2330 lactus,
936 2252 1079 2313 ineodem

71 2332 144 2430 ¹alicio
164 2341 312 2402 defunctus
334 2348 386 2401 est
428 2343 504 2401 Ecce
525 2345 566 2401 sic
588 2342 718 2400 diabolus
736 2341 907 2417 quandoque
921 2359 972 2417 per
986 2341 1078 2400 carnis

71 2429 191 2489 mandra
212 2433 304 2488 tentat
324 2431 498 2505 incipientes,
520 2435 611 2488 tentat
633 2434 662 2489 et
681 2429 868 2511 proficientes.

328 2554 334 2585 ''
392 2583 624 2646 cnnrrunuu
644 2585 739 2646 xcv.
813 2580 818 2601 ¹

70 2691 105 2757 De
122 2707 224 2765 iuvare
238 2724 297 2783 per·
317 2705 408 2765 verba
429 2707 517 2766 baec:
537 2707 673 2782 Diabole,
694 2706 844 2782 confessor
864 2723 946 2764 meas
962 2708 1081 2779 procer>

88 2793 133 2861 pit
152 2792 211 2866 abi,
235 2800 268 2852 ut
289 2811 376 2852 emeca
398 2812 444 2851 mc
466 2800 587 2867 tartare,
610 2794 770 2853 assimulo
792 2795 890 2851 carnis
912 2791 1044 2850 liberato.

70 3003 74 3016 ι
118 2929 225 2991 Retulit
252 2931 321 2990 mibi
342 2929 444 2991 Abbas
472 2931 669 3007 Hermannus,
699 2949 733 2992 eo
761 2937 888 3006 tempore
917 2947 974 3005 quo
1003 2923 1083 2988 Prior

71 3020 146 3077 uerat
164 3020 193 3077 in
215 3018 445 3094 Hemmemode,
466 3021 599 3078 iuvenem
621 3018 764 3094 quendam
784 3018 957 3077 monachum
977 3016 1084 3076 ibidem

70 3107 108 3159 ier
126 3105 216 3165 carnis
237 3107 382 3164 incentiva
402 3109 526 3182 graviter
546 3107 633 3165 luisse
655 3111 803 3164 tentatum.
848 3104 901 3163 Oui
923 3104 1084 3164 cumidem

70 3193 164 3251 menis
185 3191 306 3251 eandem
326 3195 520 3268 tentationem,
543 3210 600 3267 qua
619 3194 703 3250 nimis
715 3191 899 3266 alliciebatur,
921 3191 1084 3250 eumlaeri-

70 3271 111 3336 ssis
131 3279 275 3338 confessus
296 3278 402 3354 fuisset,
426 3280 587 3339 consolatus
610 3286 654 3338 est
676 3296 741 3338 cum
751 3279 840 3353 Prior,
863 3285 891 3338 et
905 3280 959 3338 ait:
982 3276 1083 3353 Quan-

70 3348 95 3415 lb
117 3365 245 3425 stimulus
258 3367 360 3425 carnis
381 3372 411 3425 te
432 3369 594 3444 impugnat,
622 3368 662 3424 sie
693 3365 806 3424 diabolo
834 3382 907 3424 voce
937 3367 1005 3424 satis
1027 3363 1086 3423 alta

70 3435 149 3511 licere
179 3452 280 3512 debes:
307 3452 455 3528 ·Diabole,
484 3453 628 3513 confessor
657 3470 738 3512 meus
766 3449 931 3531 praecipita)
959 3452 1025 3525 tibi,
1053 3456 1086 3507 ut

70 3542 152 3597 ldisses
171 3557 216 3599 me
238 3545 357 3599 tentare.
399 3540 506 3600 Postea
528 3557 593 3599 eum
615 3540 691 3599 idem
712 3545 882 3614 tentaretur,
913 3544 941 3598 et
967 3539 1085 3597 tentatio

77 3643 110 3719 ¹]
125 3652 164 3706 ΑΡ
180 3656 306 3708 novicii
324 3655 478 3709 eiusdem.
498 3688 527 3696 -
547 3656 579 3722 2)
597 3656 675 3707 bora
694 3673 733 3708 om
752 3628 823 3708 BJ-
842 3656 874 3722 3)
891 3654 911 3706 Β
930 3663 960 3705 et
978 3652 1086 3720 pedes.

128 3724 229 3792 -4)1)
247 3727 371 3793 im-5)
389 3726 429 3780 BC
446 3726 783 3794 tentationibus-6)
801 3740 891 3777 omnes
908 3723 965 3775 libri
983 3724 1087 3776 irater

127 3792 267 3847 caesari.
286 3824 318 3835 —
337 3796 368 3865 7)
385 3798 467 3850 ioris
484 3795 533 3849 add
549 3795 599 3850 BC.
619 3826 648 3836 -
669 3797 702 3866 8)
720 3797 759 3850 CP
776 3796 953 3864 praecepit.
