2460 4162
404 211 460 273 nn
482 209 745 274 nsnrnmoun.
896 228 904 241 ·
1033 213 1093 297 sss
1175 265 1183 275 ,

402 403 636 490 carusium
652 403 757 464 xxn.

91 531 144 591 De
163 531 279 606 alapiae
300 522 456 602 iracundo,
479 546 572 604 quom
592 527 739 602 sepultam
760 528 836 601 ipac's
858 524 896 585 ab
917 524 1059 586 umbelico

418 622 446 674 ct
467 633 561 690 supro
583 614 743 672 maana.

122 738 257 798 Narravit
282 736 353 795 mihi
373 753 449 795 anno
470 737 623 811 praeterito
646 733 783 793 scultetus
795 728 812 812 ¹)
833 736 980 810 proximae
1001 734 1095 811 villae,

54 841 134 903 quae
162 820 320 903 Wintere²)
343 822 458 897 dicitnr,
488 840 548 881 rem
570 823 638 880 satis
660 820 822 880 terribilem
873 821 938 880 Non
961 829 1004 880 est
1031 822 1094 898 diu,

53 913 158 989 inquit,
180 909 259 987 quod
279 910 365 969 homo
384 909 501 984 quidam
517 909 664 984 religiosus
686 914 716 967 et
736 908 901 984 peregrinus
922 910 951 965 in
974 908 1095 969 ecclesia

55 1006 157 1059 nostra
185 996 223 1057 ad
244 1000 361 1057 missam
386 998 473 1055 stetit.
520 995 642 1055 Stabant
661 997 742 1053 iuxta
764 1011 831 1053 eum
851 1001 999 1054 matronae
1022 996 1094 1055 deli-

57 1090 158 1160 caiac,
186 1083 364 1160 quorundam
391 1083 512 1141 militum
536 1099 656 1156 uxores,
682 1080 786 1140 fabulis
806 1088 960 1156 vacantes,
989 1080 1093 1162 quac³)

56 1171 139 1231 illum
161 1187 243 1230 orare
264 1187 322 1230 non
344 1169 484 1228 sinebant.
537 1169 661 1244 Expleta
681 1171 778 1241 missa,
799 1167 940 1242 quosdam
962 1186 998 1226 ex
1018 1170 1093 1227 mili-

57 1260 135 1319 tibus
157 1274 288 1317 seorsum
309 1255 425 1331 ducens,
448 1256 517 1313 dixit
537 1256 607 1314 illis:
629 1256 691 1315 Vos
713 1254 827 1331 domini,
849 1257 984 1314 orationis
1007 1273 1094 1315 causa

59 1344 97 1405 ed
129 1343 280 1404 ecclesiam
323 1343 399 1402 hanc
433 1342 548 1419 diverti3
578 1348 607 1402 et
640 1358 722 1416 cccc,
752 1341 866 1400 diabolo
893 1345 1046 1419 instigante
1061 1340 1094 1424 4),
1207 1406 1210 1411 ,

59 1437 156 1492 ianbm
179 1436 241 1490 crat
262 1431 393 1489 circame
408 1429 515 1488 clamor
535 1435 564 1488 et
585 1431 742 1488 susurrium
762 1428 874 1487 illarum
891 1436 1094 1505 matronarum,

60 1526 94 1576 nt
119 1519 235 1577 omnino
264 1533 346 1576 orare
367 1533 425 1575 non
445 1533 569 1591 possem.
612 1516 717 1574 Dicam
738 1516 822 1573 vobis
843 1532 904 1573 rem
924 1517 1094 1592 terribilem,

63 1620 134 1680 nnnc
155 1606 228 1663 meis
248 1604 425 1678 temporibus
451 1606 480 1660 in
502 1603 570 1661 silla
591 1618 656 1661 mea
679 1602 804 1677 contigit.
846 1601 916 1660 Erat
937 1604 977 1661 ibi
994 1603 1095 1679 'puella

65 1690 204 1765 quaedam
224 1691 299 1750 bene
320 1696 403 1764 nata,
433 1695 462 1749 et
491 1688 611 1748 divitum
632 1688 705 1762 filia,
738 1687 851 1746 sedita
872 1689 1021 1763 iracunda,
1053 1692 1094 1749 ita

67 1780 337 1853 contentiosaatque
359 1776 493 1850 clamosa,
514 1782 547 1834 ut
568 1776 731 1849 ubicunque
753 1779 836 1848 esset,
857 1777 918 1834 sive
939 1778 968 1834 in
990 1775 1094 1851 domo,

68 1863 123 1927 ave
143 1866 173 1923 in
194 1863 329 1939 ecclesia,
349 1863 390 1921 ibi
411 1865 488 1921 rixas
509 1865 672 1936 suscitaret,
694 1861 761 1920 odia
780 1863 907 1937 nutriret,
929 1868 957 1921 ct
978 1865 1094 1923 beatum

69 1962 100 2007 sc
124 1951 280 2025 indicaret,
320 1953 369 2026 qui
404 1949 526 2009 evadere
557 1955 656 2025 posset
690 1948 835 2024 flagellum
865 1948 979 2026 linguae
1010 1950 1093 2010 illius.

70 2030 191 2098 'landem
213 2036 347 2097 defuncte
369 2042 427 2111 est,
456 2042 486 2096 et
517 2039 546 2094 in
576 2039 647 2095 atrio
677 2035 828 2095 ecclcsiae*
843 2036 963 2111 sepulta.
1006 2036 1093 2098 Mane

70 2126 207 2185 valentes
229 2123 268 2183 ad
290 2124 454 2197 ecclesiam,
482 2123 605 2182 vidimus
626 2123 756 2181 tumbam
778 2125 838 2181 eius
867 2123 905 2183 ad
925 2126 1014 2183 instar
1034 2125 1094 2183 for-

67 2213 141 2271 mas
159 2211 271 2270 fumum
291 2216 496 2269 eructuantem.
538 2208 622 2268 Unde
644 2211 776 2284 exterriti,
797 2215 826 2268 et
846 2211 944 2270 videre
964 2211 1093 2271 volentes
1116 2228 1118 2232 ·

67 2296 133 2364 quid
150 2298 207 2358 hoc
228 2296 425 2373 portenderet,
454 2303 559 2355 terram
581 2297 727 2372 eiecimus;
750 2301 779 2355 et
807 2313 883 2372 ecce,
911 2297 1093 2357 medictatem
1149 2290 1168 2335 ,'

64 2387 187 2461 corporis
208 2386 382 2460 superiorem
403 2386 476 2459 ignis
499 2389 709 2457 consumserat,
736 2383 849 2442 inferior
875 2402 945 2444 vcro
966 2403 1033 2460 pars
1054 2386 1092 2444 ab

61 2470 203 2531 umbelico
217 2467 237 2550 ⁵)
268 2476 296 2529 et
325 2470 459 2545 deinceps
485 2468 585 2529 illaesa
605 2471 745 2545 apparuit.
786 2468 987 2531 NOVICIUS:
1017 2472 1093 2548 Quid

58 2540 121 2644 J¹⁰c
140 2556 339 2635 significabat?
382 2555 617 2616 MONAOHUS:
640 2556 724 2633 Quod
734 2556 865 2615 homines
888 2561 936 2631 qui
954 2567 1093 2617 noverant

57 2629 137 2703 illius
157 2647 248 2705 vitam
269 2645 414 2719 dixerunt,
441 2644 496 2702 hoc
519 2650 548 2702 et
569 2660 623 2719 ego
647 2644 724 2702 dico:
759 2643 859 2702 Voluit
878 2644 960 2703 Dens
980 2648 1010 2702 in
1032 2648 1092 2704 cius

59 2730 181 2807 eorporc
203 2730 361 2805 ostendere,
383 2737 521 2805 quantum
543 2732 569 2788 ei
589 2730 715 2805 placeret
735 2732 824 2789 virtus
846 2733 1042 2807 castimoniae,
1064 2738 1094 2791 et

34 2862 38 2869 -
59 2817 201 2879 summm
222 2818 387 2877 abhorreret
398 2819 499 2876 vilium
518 2817 691 2876 iracundiae.
735 2816 809 2891 Quia
821 2818 902 2893 virgo
923 2818 984 2893 fnit,
1005 2821 1093 2879 casti-

60 2893 131 2963 tutis
157 2906 251 2982 gratia
279 2922 362 2964 crura
391 2906 451 2963 cius
480 2921 546 2962 cum
579 2903 733 2962 femoribus
761 2902 859 2962 illaesa
895 2909 1034 2983 servavit3
1064 2916 1093 2966 ct

62 2988 132 3053 suis
150 2991 286 3051 iracunda
309 2997 369 3050 crat
396 2992 487 3065 nimiS,
508 2990 554 3065 fel,
575 3007 638 3065 cor,
665 2990 800 3066 linguam,
821 3008 924 3050 manus
946 3011 1011 3053 cum
1033 2998 1091 3055 suis

64 3073 177 3138 *dibus
198 3081 272 3155 ignia
294 3078 450 3137 devoravit.
493 3077 540 3136 Ina
571 3079 643 3153 ignis
665 3083 717 3135 cst.
760 3076 843 3137 Undc
863 3078 1091 3142 Ecclesiasticus:

69 3148 229 3225 Nostrum
250 3166 333 3239 liqna
355 3167 387 3222 ia
408 3166 505 3239 ipatus
526 3164 664 3223 iracundi
675 3161 707 3239 ⁶),
729 3163 758 3221 id
780 3170 833 3239 cst,
853 3183 889 3224 ne
901 3166 952 3225 des
966 3168 1005 3227 illi
1026 3189 1091 3231 ma·

71 3240 162 3311 ictum
184 3259 214 3311 ct
234 3254 416 3310 occasionem
436 3250 583 3310 irascendi.
625 3251 714 3308 Item:
739 3251 838 3310 Homo
860 3256 1022 3315 iracundas
1043 3262 1091 3318 ia-

74 3338 157 3399 eeadit
183 3342 283 3415 ipsum
295 3335 326 3415 ⁷).
343 3366 349 3378 ·
368 3337 407 3396 Et
427 3337 585 3414 Apostolus
612 3336 757 3397 Jacobus:
789 3337 1015 3418 Linquamus
1037 3354 1092 3419 est,

92 3502 116 3573 i)
130 3506 172 3561 A'G
189 3505 365 3559 scoltclus.
376 3535 406 3545 -
422 3507 454 3573 2)
473 3505 667 3571 [lonigswinter.
678 3536 711 3544 -
727 3506 759 3572 3)
777 3506 821 3559 ΑΙ)
840 3510 908 3574 qni:
926 3511 993 3564 unde
1011 3518 1095 3584 suspi-

131 3592 174 3629 oor
196 3585 324 3629 auctorem
343 3577 486 3642 scripsisse:
511 3575 632 3626 fabulis
657 3584 755 3643 atque
773 3579 954 3632 rumoribus
978 3600 1094 3637 vecan.

131 3655 193 3709 tes,
209 3648 271 3715 qui.
290 3647 331 3697 Sic
348 3645 406 3697 alibi
424 3645 497 3696 dicit:
519 3645 776 3709 „corriabulationibus
794 3656 870 3715 atque
888 3653 1028 3705 rumoribus
1047 3673 1094 3707 va·

131 3720 242 3769 sanim
268 3745 299 3755 -
328 3715 360 3782 4)
383 3715 403 3768 Β
425 3715 601 3766 excitante.
622 3745 653 3754 -
677 3715 709 3783 5)
733 3719 769 3767 sic
791 3716 811 3767 B
834 3728 986 3774 constanter.
1021 3725 1092 3779 Cont.

131 3786 220 3841 llomil.
239 3784 258 3837 l.
276 3801 301 3853 p.
319 3784 362 3836 21.
381 3814 410 3825 -
431 3785 463 3853 6)
480 3783 556 3837 Eccli.
575 3785 600 3847 8,
618 3786 643 3837 4.
659 3813 689 3825 -
709 3786 741 3853 7)
758 3785 835 3838 Eccli.
852 3789 896 3855 28,
914 3790 955 3843 11.

813 3861 838 3935 9
