2460 4162
431 232 487 293 DE
507 230 777 294 DAEMONIBUS.
1059 233 1121 293 275

82 360 179 421 boum
200 354 240 416 ad
260 354 434 431 cusmdiam,
462 355 556 416 malus
576 355 615 415 ad
636 357 809 415 exercitium.
851 351 1053 416 NOVIOIUS:
1075 355 1123 416 De

83 443 198 522 angelis
226 445 332 504 sanctis
360 442 429 501 mihi
456 442 534 502 nulla
550 438 566 522 ¹)
595 444 670 502 inest
691 441 837 516 dubietas,
866 443 935 516 quin
956 445 1026 516 sint,
1056 445 1124 517 quia

84 531 296 608 Prophetarum
324 531 430 606 scripta
458 529 494 588 dc
521 528 576 587 illis
604 545 692 604 saepe
723 528 886 603 loquuntur.
940 527 1026 605 Quod
1053 546 1122 588 cero

69 618 241 693 ‚daemones
255 619 319 692 sint,
334 616 412 692 quod
423 615 505 674 multi
516 617 580 691 sint,
603 615 681 690 quod
694 614 762 674 mali
774 617 838 690 sint,
855 621 884 674 et
898 614 975 690 quod
986 615 1123 674 incendiis
1159 646 1163 653 ·

83 706 208 765 aeternis
230 703 359 778 deputati
379 705 443 777 sint,
465 719 500 762 ex
514 704 658 777 scripturis
676 703 999 777 uniusquetestamenti
1019 702 1123 762 vellem

83 790 156 850 mihi
177 790 372 851 demonstrari.
414 787 648 848 MONACHUS:
673 787 801 848 Plurima
821 787 859 847 ad
879 787 952 847 haec
973 789 1124 864 probanda

84 873 423 956 martianinum
465 875 512 935 De
532 875 679 950 Lucifero,
707 874 817 949 idest,
850 874 978 949 diabolo,
1008 883 1124 951 propter

84 964 219 1025 decorem
233 980 318 1023 suae
348 963 497 1023 creationis
527 965 568 1021 sic
600 962 692 1036 dicto,
726 963 842 1037 eiusque
865 979 934 1021 casu
955 965 996 1021 ait
1016 962 1123 1022 Isaias:

88 1049 245 1129 Quomodo
267 1049 399 1121 andan,
420 1048 550 1124 Lucifer,
573 1052 625 1124 qui
645 1066 733 1106 mune
756 1047 918 1107 niciano?
940 1055 969 1108 et
991 1056 1085 1108 cetera
1093 1047 1123 1129 ³).

86 1135 174 1214 Quod
195 1136 287 1195 factus
308 1138 345 1195 sit
366 1135 511 1210 diabolus,
540 1141 569 1194 et
597 1134 675 1209 quod
704 1134 740 1194 de
762 1134 842 1194 coelo
865 1135 1011 1208 ceciderit,
1043 1139 1124 1195 testis

86 1230 133 1284 est
153 1222 301 1297 Salvator,
334 1225 383 1297 qui
411 1225 466 1281 ait:
505 1223 572 1280 Vidi
592 1222 740 1280 Suionum
773 1228 918 1297 tanquam
948 1222 1056 1298 sulpur
1089 1225 1124 1281 dc

85 1310 168 1370 coelo
189 1309 340 1368 cadentem
349 1306 383 1380 ⁴).
421 1308 468 1368 De
491 1324 548 1383 quo
569 1306 644 1367 Jcb:
673 1309 812 1385 Quadam
834 1309 880 1367 die
901 1313 1124 1368 conuenissent

83 1398 140 1473 pilii
153 1397 220 1468 Dei,
241 1403 277 1455 ui
298 1399 464 1455 assisterent
485 1412 586 1453 corani
597 1396 736 1467 Domino,
759 1395 847 1471 affuit
867 1399 944 1454 inter
965 1413 1012 1454 eos
1035 1400 1124 1454 etiam

86 1491 115 1543 et
133 1477 273 1565 Sciam).
314 1482 354 1540 Et
373 1484 403 1539 in
424 1481 540 1540 Psahrro
554 1480 652 1540 David
671 1481 792 1557 loquens
814 1480 850 1540 de
863 1480 943 1541 duda
963 1481 1123 1557 proditore:

85 1568 252 1634 Diaboim,
283 1570 389 1644 iuquit,
421 1576 476 1628 stet
498 1586 518 1626 a
540 1569 650 1627 desim
683 1563 788 1644 ciia⁶).
831 1569 905 1627 Item
934 1568 1055 1629 Abacuc
1088 1570 1124 1628 de

86 1657 216 1716 Chrhto:
238 1655 416 1730 Eprcdietue
437 1654 572 1713 diabolus
595 1661 664 1712 ante
691 1655 781 1729 pedes
803 1658 864 1714 eins
878 1653 909 1729 ⁷).
951 1655 990 1713 Et
1011 1658 1040 1714 in
1062 1656 1124 1716 aliis

85 1741 184 1803 multis
211 1741 281 1801 locis
310 1740 456 1802 diabolum
485 1743 623 1816 scriptura
652 1747 863 1800 commemorat.
915 1741 999 1818 Quod
1027 1752 1124 1802 autem

85 1828 166 1889 solus
187 1846 246 1888 nou
267 1828 359 1903 fuerit,
379 1846 434 1888 nec
446 1828 524 1887 solus
537 1826 677 1901 ceciderit,
699 1827 977 1888 testaturJohannes
998 1831 1027 1887 ih
1039 1828 1124 1904 Apo-

86 1916 198 1992 calypsi
232 1915 342 1974 dicens:
372 1914 500 1974 Factam
540 1922 582 1973 cst
604 1916 754 1989 proelium
789 1933 932 1990 acapnum
963 1918 995 1974 in
1028 1918 1124 1992 cocio,

86 2002 223 2080 Mycboel
244 2009 273 2061 et
300 2003 397 2077 anpcii
429 2005 490 2060 eius
507 2000 688 2077 pupnabant
715 2019 783 2060 mni
808 2002 950 2076 dracone,
982 2010 1009 2061 et
1033 2005 1124 2062 droco
1203 2024 1207 2033 *

80 2088 245 2165 puoveubat
274 2095 301 2146 et
333 2089 431 2164 anpeli
463 2091 541 2162 eius5
573 2094 600 2145 ct
628 2105 690 2146 non
710 2089 886 2161 volucrunt,
917 2108 1012 2165 neque
1044 2092 1125 2149 locris

87 2194 193 2235 coium
213 2179 348 2234 inventus
371 2175 553 2250 estamplius
570 2177 603 2232 in
624 2176 702 2233 coelo
714 2173 747 2246 ⁸).
789 2175 896 2234 Factus
911 2184 954 2235 ost
975 2194 1026 2251 pcr
1040 2177 1125 2236 mali·
1144 2238 1155 2257 ο

86 2265 158 2321 tiam
179 2279 262 2321 suam
277 2260 363 2320 draco
376 2261 490 2320 Lucifer
501 2260 649 2336 gloriosus,
671 2262 707 2321 de
730 2262 809 2320 cuius
826 2261 927 2322 decore
948 2281 983 2323 ac
997 2265 1124 2339 pulchri-

86 2349 187 2408 tudine
215 2365 267 2423 per
287 2348 466 2408 Ezechielem
495 2346 610 2406 dicitur:
645 2349 692 2406 Ta
712 2351 899 2424 sipnaculnm
927 2352 1124 2409 similitudinis

86 2437 161 2509 Dei,
178 2436 286 2511 plenas
307 2438 452 2510 capientia
475 2441 565 2509 atque
587 2436 703 2507 decore,
732 2439 764 2494 in
786 2435 892 2494 deliciis
908 2437 1045 2511 paradisi
1066 2439 1125 2495 Dei

85 2523 181 2599 fuisti
226 2521 327 2580 Omnis
349 2523 424 2596 iupis
440 2524 588 2596 pretiosus
600 2525 811 2596 operimentum
824 2529 917 2594 tanin,
940 2530 968 2581 ot
991 2520 1124 2603 cotora9).

87 2610 211 2668 Decima
231 2626 298 2684 pars
315 2608 482 2685 angelorum
504 2607 626 2666 creditur
648 2609 791 2667 cecidisse.
835 2606 918 2668 Unde
940 2610 977 2668 ob
994 2610 1124 2667 nrultitu-

87 2696 184 2756 dinem
198 2693 356 2770 Apostolus
368 2700 454 2755 vocat
468 2711 517 2754 eos
533 2711 631 2753 aereas
642 2700 799 2770 potestates
815 2691 853 2773 ¹⁰).
891 2694 1026 2754 Cadendo
1049 2699 1124 2755 onim

87 2799 185 2843 aerem
206 2781 396 2859 replevemnt.
438 2781 485 2840 De
507 2798 628 2856 quorum
650 2781 758 2840 malitia
778 2781 924 2857 Propheta
946 2781 1056 2841 Christo
1080 2783 1125 2841 cli·

88 2872 128 2929 cit
148 2870 177 2927 in
197 2868 330 2928 Psalm0:
363 2868 482 2926 Malitio
498 2865 529 2941 ¹¹)
553 2884 669 2941 corant,
703 2871 755 2944 qni
777 2876 804 2927 tc
827 2869 966 2941 odemint,
996 2871 1125 2929 (ascendit

87 2974 202 3031 smper
218 2953 258 3032 ¹²).
306 2954 345 3012 Et
365 2954 507 3014 Dominus
535 2956 564 3013 in
592 2954 749 3031 Evangeho
771 2953 907 3014 Judaeis:
947 2957 1004 3014 i'os
1034 2975 1125 3031 opero
1172 3010 1175 3019 .

82 3048 183 3120 pateis
198 3045 286 3101 uestri
297 3040 407 3100 diaboli
416 3041 523 3117 facitis.
544 3042 599 3099 Ille
613 3044 740 3100 rnendas
754 3041 815 3117 ficit
831 3042 868 3100 ab
882 3045 973 3114 initio,
997 3050 1024 3101 ct
1035 3051 1126 3118 poter·

88 3134 152 3189 aas
169 3126 210 3203 ¹³).
250 3128 336 3204 Quod
357 3127 518 3187 hominibus
538 3129 657 3188 infestus
678 3131 723 3204 sit,
744 3130 824 3188 testis
847 3135 889 3188 est
909 3128 977 3202 Job,
1000 3133 1048 3205 qrri
1070 3133 1123 3189 ait:

87 3214 262 3275 absorbebit
273 3215 408 3291 pocione,
427 3221 455 3273 et
468 3232 530 3273 eima
543 3214 710 3288 minabitur,
727 3214 821 3290 idest,
837 3215 979 3276 infideles:
994 3234 1125 3294 paganos

87 3301 212 3375 scilicet,
239 3300 370 3361 Judaeos
392 3307 421 3361 et
449 3301 622 3377 haereticos3
653 3309 680 3361 et
707 3301 794 3361 habet
812 3303 952 3378 fiduciam
974 3305 1056 3378 quod
1076 3308 1124 3362 in-

106 3524 140 3592 1)
156 3522 221 3576 Bel)
238 3522 325 3575 nullu
343 3521 470 3574 mihi-
483 3522 515 3589 2]
532 3521 552 3574 C
569 3524 741 3574 exsistunt.
761 3538 792 3562 ¹-
812 3522 843 3589 3)
860 3523 916 3575 lsai.
937 3523 978 3586 11,
997 3523 1037 3574 12.
1051 3553 1078 3562 -
1092 3525 1124 3590 1)

158 3593 217 3645 Luc.
236 3594 278 3655 to,
297 3593 337 3645 18.
358 3620 388 3631 -
408 3591 440 3659 5)
456 3589 504 3642 lob
524 3592 548 3655 1,
566 3594 590 3644 6.
610 3621 640 3632 -
669 3588 701 3659 6)
719 3592 782 3644 l’sul.
802 3593 861 3655 108,
879 3595 903 3646 6.
923 3621 954 3632 -
982 3593 1013 3659 7]
1031 3592 1124 3644 llubec.

159 3664 186 3725 3,
203 3664 228 3714 5.
249 3690 279 3701 -
304 3662 336 3783 8¹)
354 3661 434 3727 Apoc.
454 3661 502 3722 12,
521 3663 544 3712 7.
563 3690 595 3700 -
620 3662 652 3729 9)
670 3661 761 3713 Erech.
779 3663 828 3725 28,
846 3662 887 3713 12.
907 3690 938 3701 -
965 3663 1012 3729 to)
1030 3662 1123 3728 Ephes.

159 3731 186 3793 2,
202 3732 228 3783 2.
246 3759 278 3771 -
298 3732 311 3783 1
331 3731 347 3799 )
365 3730 406 3783 liP
423 3739 449 3781 ct
466 3730 741 3798 corrhsuperbia.
760 3761 791 3772 -
822 3731 1072 3800 tapinomata.
1092 3761 1126 3772 -

161 3799 210 3870 1³)
225 3799 314 3853 lobon.
332 3800 358 3867 8,
375 3801 419 3853 11.
436 3801 478 3853 11.
