2438 4170
426 242 482 302 DE
503 240 794 304 SIMPLIOITATE.
1063 243 1123 302 381

425 397 657 460 CAPITULUM
679 400 799 461 XXIX.

135 523 185 583 De
205 522 355 583 eueadote
375 522 477 595 idiota,
499 526 552 598 qui
576 524 759 598 simplicitate
779 519 938 582 cadmum
959 535 1083 579 auctum

239 625 341 667 coram
362 608 538 669 Innocentio
555 612 646 684 Papo
676 611 823 669 ecclesiam
846 607 979 667 obtinuit.

156 730 299 788 Dominus
320 730 501 790 Innocentius
523 732 605 806 Papa
626 733 669 789 vir
689 730 897 790 litteratissimus
913 724 930 808 ¹)
957 733 986 787 et
1014 742 1125 786 sermo-

87 819 135 877 nis
146 817 250 891 diserti,
272 809 346 876 sidut
358 818 428 875 mihi
449 818 545 877 retulit
560 817 710 877 Caesarius
724 817 882 876 monachus
896 809 1001 889 noster,
1023 813 1125 873 Abbas

88 903 266 980 quandoque
286 905 477 979 Prumiensis,
499 907 548 981 qui
571 922 706 981 praesens
728 911 797 963 tunc
820 909 894 977 erat,
916 905 957 962 ita
977 905 1006 960 in
1028 903 1125 960 cuius-

87 992 160 1050 dam
181 991 335 1050 sacerdotis
364 992 484 1067 simplici
512 1008 642 1050 sermone
672 996 857 1066 compunctus
880 995 937 1063 est,
969 995 1002 1048 ut
1031 989 1126 1047 ecclc·

87 1081 178 1152 siam,
205 1095 291 1152 quam
312 1084 428 1154 propter
454 1078 649 1137 illiteraturam
670 1078 788 1152 perdere
817 1079 916 1135 merito
929 1073 949 1155 ²)
980 1075 1126 1149 debueret,

87 1181 229 1242 peream
251 1166 399 1224 obtineret.
443 1164 582 1224 (inicum
605 1165 721 1239 quidam
739 1164 857 1223 clericus
873 1162 1021 1222 ecclesiam
1043 1180 1125 1221 suam

88 1254 189 1311 neseio
212 1269 267 1326 quo
290 1258 375 1326 pacto
398 1252 578 1325 abstulisset,
601 1258 628 1310 et
656 1251 702 1310 ille
731 1251 891 1327 appellatus
912 1250 949 1308 ab
973 1267 1006 1309 co
1030 1267 1126 1308 coram

88 1342 151 1398 iam
179 1338 254 1398 dicto
275 1338 441 1398 innocentio
472 1341 691 1414 comparuisset,
723 1339 875 1412 verbisque
905 1339 1069 1412 compositis
1097 1343 1127 1397 et

90 1428 238 1486 sententiis
259 1426 426 1501 ponderosis
455 1443 506 1501 pro
526 1443 560 1487 sc
581 1425 743 1502 allegasset,
767 1424 887 1500 simplex
915 1419 995 1503 iller)
1028 1440 1126 1482 sacer·

91 1512 146 1571 dos
168 1529 327 1571 sermonem
349 1516 409 1572 eius
430 1515 636 1588 interrumpens
658 1515 711 1571 ait:
742 1512 846 1571 Sancte
868 1517 964 1586 pater,
985 1513 1046 1585 ipse
1067 1526 1125 1568 non

90 1599 162 1659 dicit
189 1617 304 1673 verum,
332 1602 394 1675 ipse
422 1597 590 1679 magnam)
612 1600 681 1658 mihi
709 1599 775 1658 feeit
802 1601 941 1657 iniuriam.
986 1596 1125 1656 Conside-

91 1700 158 1746 runs
178 1685 259 1745 illurn
281 1686 412 1745 dominus
433 1687 514 1762 Papa
535 1687 679 1745 hominem
702 1681 981 1763 simplicissimum⁵),
1005 1678 1128 1758 respon·'

92 1773 147 1832 dit:
178 1772 286 1832 Enerra
307 1774 375 1831 mihi
405 1790 523 1832 causam
544 1780 631 1831 tuam.
674 1773 712 1831 Et
732 1773 792 1832 ille:
821 1773 883 1848 Ego
905 1774 1001 1830 nescio
1023 1771 1126 1829 Latine

91 1859 180 1934 loqui.
219 1860 365 1935 Loquere,
398 1863 504 1935 inquit,
533 1863 606 1919 sicut
617 1857 638 1939 ⁶)
673 1862 756 1934 nosti,
792 1860 865 1918 bene
895 1865 923 1917 te
958 1857 1124 1932 intelligam.

92 1947 176 2005 Tunc
202 1946 250 2005 ille
272 1950 341 2006 satis
361 1947 458 2006 timide
491 1950 616 2022 satisque
639 1953 771 2021 corrupte
792 1946 837 2004 his
858 1947 953 2005 verbis
974 1962 1044 2004 usus
1066 1951 1124 2003 est:

92 2032 269 2094 Sauciet
218 2051 256 2109 pa
257 2043 318 2109 er,·
328 2036 382 2092 iste
405 2034 522 2094 clericus
544 2032 648 2092 multos
670 2034 760 2092 habet
775 2033 969 2105 ecclesiasta
991 2048 1044 2107 ego
1058 2037 1124 2090 tun-

92 2127 156 2180 tum
176 2120 265 2179 habui
286 2139 383 2196 unum,
406 2127 435 2180 et
456 2119 578 2180 cundem
600 2121 669 2178 mihi
682 2124 784 2196 rapuit,
806 2119 892 2178 modo
905 2119 993 2179 habet
1006 2116 1124 2198 unumt)

93 2225 160 2267 cum
192 2206 264 2266 aliis.
316 2207 382 2267 Hoc
410 2208 463 2267 tibi
484 2225 650 2298 conqueror.
695 2207 748 2267 Cui
776 2208 858 2283 Papa
891 2223 1065 2283 compassus,
1087 2206 1127 2264 ait

94 2296 155 2353 ciue
176 2295 355 2354 edversario:
386 2295 462 2370 Quid
484 2295 522 2354 ad
543 2264 616 2354 haec
636 2295 844 2370 loqueris,t
790 2296 844 2354 irat
845 2293 896 2354 er?
923 2294 987 2353 Tua
1008 2295 1087 2352 avari
1088 2294 1127 2352 tia

58 2436 62 2445 .
93 2398 152 2440 non
180 2383 331 2441 sinebatt
319 2389 348 2441 te
375 2383 503 2458 pluribus
533 2400 595 2442 esse
624 2389 789 2442 contentum
822 2381 963 2456 ecclesiis,
992 2384 1059 2456 quin
1081 2382 1127 2438 isti

92 2471 212 2544 pauperi
241 2472 327 2528 etiam
348 2488 429 2528 stram
451 2470 585 2529 auferres.
614 2470 702 2528 Tam
724 2470 859 2545 simplicis
880 2475 1000 2527 naturae
1023 2474 1128 2540 estut

93 2557 119 2613 si
148 2556 266 2614 caus'am
294 2556 442 2615 habuisset
470 2559 617 2630 iniustam,
645 2574 792 2631 nunquam
814 2557 939 2614 venisset
960 2554 997 2613 ad
1020 2556 1127 2615 curiam

92 2641 263 2701 Romanam.
306 2641 424 2701 Justitia
446 2643 598 2701 audaciam
619 2641 658 2699 illi
681 2641 806 2699 contulit.
849 2640 997 2715 Praecipio
1014 2638 1070 2698 tibi
1091 2656 1127 2697 ne

94 2746 160 2788 curn
191 2730 220 2785 in
243 2727 364 2786 ccclesia
386 2745 438 2785 sua
460 2727 495 2786 de
518 2734 612 2786 cetero
633 2729 788 2802 inquietes,
816 2732 845 2785 et
866 2743 920 2801 ego
943 2725 979 2784 dc
1002 2724 1128 2784 eeclesiis

93 2817 151 2874 nris
174 2814 354 2889 dispensabo.
398 2811 462 2888 Quo
485 2813 598 2888 audito,
622 2815 724 2872 timens
746 2815 846 2887 cessit,
874 2814 941 2886 quia
963 2807 1128 2886 simplicitas

57 2936 68 2945 -
92 2918 146 2979 pro
176 2902 237 2958 eius
259 2898 422 2958 adversario
443 2903 589 2977 pugnavit.
632 2898 834 2959 novicius:
864 2899 938 2958 uum
959 2897 1129 2974 simplicium

93 2987 184 3047 verba
199 2992 228 3044 et
243 3003 331 3061 opera
353 2987 460 3046 saeculi
480 2988 628 3063 Principes
642 2993 754 3046 tantum
767 2992 946 3061 venerentur,
967 2992 1036 3061 puto
1051 2984 1129 3059 qnod

93 3078 121 3135 in
155 3073 268 3132 illorum
298 3075 424 3133 oratione
456 3075 537 3133 Deus
570 3074 723 3150 plurimum
762 3072 938 3133 iocundetur.
995 3071 1128 3131 MONA-

95 3156 212 3221 OHUS:
234 3160 299 3219 Hoc
316 3162 367 3219 tibi
381 3161 508 3237 Simplex
521 3159 658 3242 Paulus³)
681 3161 813 3236 ostendit,
833 3160 885 3219 sed
908 3167 937 3220 et
950 3176 1005 3237 ego
1026 3177 1129 3219 recen·

93 3249 213 3309 tioribus
235 3248 285 3307 tibi
306 3247 431 3324 pandam
455 3249 600 3324 exemplis.
1041 3306 1061 3337 9

113 3401 144 3468 1)
162 3399 203 3453 BG
230 3403 279 3452 vir
305 3399 401 3453 valde
427 3401 589 3453 literatus.
625 3399 696 3452 Conl.
714 3400 754 3465 ΙΙ,
781 3400 822 3452 11.
842 3428 873 3438 -
900 3399 933 3468 2)
951 3397 992 3452 BG
1014 3399 1129 3449 merito

163 3468 357 3536 perdere.—
387 3471 494 3538 3]ille
520 3487 561 3522 om
580 3471 678 3523 BC.—
706 3469 960 3533 iidDPvcrum
985 3483 1129 3536 magnam

164 3541 255 3603 enim,
273 3541 432 3604 (iveram,
449 3556 649 3608 magnam-
618 3540 913 3609 -5)Clromiuem
936 3507 1130 3604 simplicem,

164 3609 227 3661 Ani
251 3611 427 3678 simplicem
457 3609 680 3662 hominem-
706 3611 737 3677 6)
759 3608 911 3671 ΑΟὓΡιιι;
941 3623 1000 3660 mox
1029 3607 1129 3675 Cego

164 3679 302 3731 bcnc.-
328 3682 360 3746 7)
382 3679 442 3733 BCP
463 3680 628 3732 multas-
653 3695 793 3732 unnm-
816 3693 852 3730 eu
878 3677 1002 3729 dcm-
1027 3691 1129 3748 uuam.

164 3748 249 3869 Ρ-Θ)
259 3749 419 3872 ¹‹180⁴9eibbrrte
443 3749 519 3802 Paulo
537 3750 654 3820 simplice
672 3749 731 3802 vide
748 3749 809 3802 viu.
828 3747 894 3800 Pa.
913 3746 931 3798 l.
950 3763 975 3813 p
996 3745 1070 3798 1126.
1088 3761 1095 3796 t

184 3832 233 3869 arro
