2460 4162
360 114 366 127 “
428 135 435 151 ¹
488 132 499 169 c
794 152 803 183 s

423 232 480 325 nn
500 186 826 303 muranoua'.
1052 232 1113 302 suc
1215 262 1219 275 ι

75 378 144 441 nus,
156 370 190 424 ut
199 368 291 425 muter
303 363 359 439 piu,
374 379 449 440 quae
459 363 595 424 infantem
610 362 744 423 dilectum
755 362 830 422 circa
843 360 940 438 ignem
955 367 1116 438 reptantem

76 453 155 512 bene
167 452 242 528 iguis
258 449 383 510 calorem
399 444 503 510 sentire
515 452 660 526 permittit,
682 449 733 510 sed
753 451 859 508 inuare
883 448 1028 510 volentem
1049 467 1115 509 cum

77 536 172 598 multa
197 537 377 598 festinatione
403 536 529 598 retrahit
571 537 637 598 Hoc
658 536 770 614 plenius
791 535 939 596 auditurus
962 552 993 597 es
1013 538 1042 596 in
1064 553 1115 596 ca·

75 624 170 702 pitulo
191 625 330 700 sequenti.

410 811 664 874 'CAPITULUM
686 811 764 873 CIIL

155 935 205 995 Dc
224 936 443 995 sanctimoniali
463 939 496 994 icc
516 936 643 1011 Aeolio,
665 953 743 1012 quac
764 953 785 994 a
805 952 860 995 sao
882 935 1040 994 Provisoce

140 1035 145 1045 '
501 1028 616 1082 anate
638 1029 688 1082 cst.

143 1123 297 1202 InAnglie
309 1127 354 1185 vir
366 1124 486 1204 'quidam
503 1126 652 1203 religiosus
672 1127 844 1185 monasterio
866 1125 988 1200 praefuit
1007 1128 1115 1185 sancti-

75 1211 253 1273 monialium.
295 1211 366 1272 Erat
387 1219 483 1272 autcm
503 1219 629 1272 staturae
645 1209 819 1293 procerac¹),
847 1211 967 1272 decorus
988 1219 1116 1287 aspectu,

75 1315 170 1376 geues
190 1298 492 1373 habensrubicundas,
514 1300 613 1359 oculos
631 1298 731 1374 laetos,
752 1302 793 1358 ita
814 1305 847 1357 ut
866 1301 916 1358 vix
937 1298 1040 1374 aliquis
1060 1299 1115 1358 ali-

77 1385 151 1461 quid
178 1387 208 1444 in
235 1403 269 1445 eo
297 1385 485 1463 religiositatis
493 1380 514 1466 ²)
544 1403 607 1446 csse
635 1386 776 1461 crederet,
805 1388 854 1461 qui
882 1387 1000 1444 virtutes
1029 1387 1116 1444 animi

75 1470 155 1533 illius
181 1474 334 1549 ignoraret
375 1473 412 1532 In
440 1475 520 1532 cuius
542 1473 780 1548 contemplatione
799 1472 952 1532 iuvencula
974 1473 1115 1548 quaedam

76 1558 155 1619 illius
191 1562 418 1637 congregationis
439 1559 512 1619 adeo
545 1561 639 1635 coepit
663 1562 779 1634 tentari,
804 1565 835 1618 et
862 1565 922 1617 tam
947 1560 1115 1635 gravisdme

76 1643 201 1705 stimulis
228 1650 319 1706 carnis
347 1649 461 1723 agitari,
501 1653 534 1705 ut
563 1646 735 1707 verecundia
763 1647 923 1722 postposita
953 1648 1116 1721 passionem

76 1748 163 1793 suum
205 1732 245 1791 illi
287 1735 417 1809 aperiret
455 1733 604 1808 Expavit
638 1737 682 1793 vir
716 1739 847 1806 sanctus,
880 1737 909 1791 et
937 1733 1005 1808 quia
1032 1734 1115 1792 timor

76 1816 136 1878 Dei
168 1825 235 1880 ante
267 1819 364 1881 oculos
399 1822 460 1880 eius
493 1820 559 1894 fuit,
595 1821 690 1896 coepit
722 1821 874 1896 virginem,
915 1820 945 1876 in
977 1825 1115 1894 quantum

76 1906 187 1981 potuit,
211 1913 348 1982 avertere,
374 1905 485 1966 dicens:
515 1905 619 1965 Christi
639 1925 745 1983 sponsa
766 1923 806 1980 es,
827 1912 856 1964 et
877 1906 902 1963 si
922 1904 1038 1963 Domini
1059 1909 1115 1965 mei

76 2008 216 2067 sponsam
237 2010 403 2069 corrupere,
432 2009 490 2052 non
510 1996 634 2068 patietur
653 1996 769 2070 impunc
790 1993 922 2068 transire,
943 2009 1037 2067 neque
1059 1992 1115 2052 hc·

76 2080 170 2139 mines
203 2078 251 2138 diu
283 2082 387 2156 poterit
418 2076 528 2139 mistel
557 2080 679 2140 Dicente
708 2079 771 2154 illa,
799 2081 824 2138 si
851 2095 910 2137 non
938 2083 1115 2139 consenseris

76 2164 164 2241 milri,
192 2169 311 2243 moriur;
333 2166 480 2241 respondit
502 2165 562 2226 ille:
593 2166 638 2225 Ex
660 2184 717 2243 quo
739 2166 821 2226 aliter
842 2182 983 2224 essenon
1004 2172 1111 2242 potest,

76 2250 138 2319 flet,
158 2260 192 2313 ut
211 2255 264 2312 vis.
306 2253 341 2312 In
371 2269 428 2329 quo
451 2270 518 2330 ergo
540 2252 604 2313 loco
627 2251 849 2313 conveniemus?
870 2252 1030 2327 Respondit
1050 2252 1112 2312 illa:

77 2336 252 2416 Ubicunque
271 2339 323 2399 tibi
350 2339 501 2416 placuerit,
533 2356 587 2417 ego
620 2342 649 2398 in
684 2339 739 2400 lrac
767 2345 851 2399 nocte
883 2341 996 2398 veniam
1018 2339 1055 2398 ad
1077 2347 1114 2399 te.

76 2424 128 2484 Ad
157 2425 235 2502 quod
263 2425 326 2486 ille:
356 2424 476 2502 Oportet
502 2434 535 2486 ut
562 2429 590 2485 in
619 2427 664 2487 die
692 2426 751 2486 fiat.
796 2424 984 2502 Ostenditque
1012 2428 1115 2503 virgini

78 2511 238 2572 domumin
259 2515 395 2589 pomerio,
417 2530 536 2572 monens
558 2520 586 2574 et
606 2515 792 2590 praecipiens,
814 2518 846 2571 ut
865 2516 978 2572 nemine
1000 2515 1115 2588 sciente,

77 2601 193 2660 nemine
206 2598 330 2675 vidente,
351 2599 401 2658 tali
422 2599 493 2659 hora
512 2599 579 2660 illuc
587 2597 608 2681 ³)
630 2602 747 2659 veniret
791 2598 872 2676 Quae
894 2617 960 2660 cum
981 2601 1115 2674 venisset,

78 2684 152 2745 dixit
171 2688 216 2745 vir
229 2682 313 2766 Deis)
334 2685 373 2745 ad
389 2703 468 2746 eam:
490 2685 624 2762 Domina,
644 2686 760 2764 dignum
774 2693 817 2745 cst
839 2693 867 2746 et
887 2687 971 2745 vobis
992 2685 1114 2761 expedit,

77 2779 113 2832 ut
133 2772 238 2849 corpis
259 2790 373 2848 meum,
402 2771 479 2849 quod
500 2780 560 2832 tam
581 2773 713 2834 ardenter
735 2774 947 2848 concupiscitis,
968 2775 1046 2847 prius
1067 2775 1114 2831 iu-

77 2860 215 2935 spiciatis‚
236 2867 266 2921 et
286 2861 311 2919 si
330 2866 399 2920 tunc
419 2859 565 2936 placuerit,
587 2859 725 2920 desiderio
747 2865 843 2919 vestro
865 2877 917 2935 per
936 2858 1006 2918 illud
1027 2862 1116 2919 satis·

77 2945 200 3007 noem
241 2946 307 3007 Hoc
321 2945 406 3021 dicto,
426 2946 606 3023 illatacentc,
627 2950 863 3007 r'estimcntasua
885 2949 970 3021 exuit,
992 2945 1113 3006 cilicium

77 3033 265 3110 asperrimum
288 3050 344 3109 quo
365 3022 481 3092 indutus
502 3040 578 3108 erat,
596 3033 635 3094 ad
655 3051 770 3094 carnem
792 3032 932 3107 deposuit,
954 3050 1113 3109 corpusque

78 3119 191 3201 nudum
211 3121 355 3179 vermibus
378 3137 537 3196 comosum,
565 3120 655 3180 cilicio
677 3123 819 3194 attritum,
843 3121 1006 3180 scabiosum
1027 3128 1114 3196 atque

78 3207 264 3285 nigerrimum
284 3205 324 3264 illi
345 3206 513 3283 ostendens,
534 3208 586 3266 ait:
608 3207 653 3266 lln
675 3206 753 3283 quod
774 3224 863 3282 amas,
889 3207 971 3283 exple
992 3225 1069 3267 nunc
1090 3212 1115 3268 si

78 3292 177 3369 piscat
200 3292 378 3370 voluptatem
402 3301 491 3353 tuam.
533 3293 643 3354 Videns
664 3293 736 3355 haec
757 3294 820 3370 illa,
843 3297 967 3370 expavit,
988 3301 1017 3354 et
1038 3313 1114 3355 nunc

78 3382 108 3441 iu
140 3379 294 3457 pallorem,
321 3397 397 3441 nunc
424 3383 454 3439 in
481 3381 615 3440 ruborem
636 3399 736 3458 versa,
762 3380 800 3440 ad
820 3380 909 3458 pedes
931 3384 991 3441 cius
1013 3400 1114 3456 ruens,

79 3467 371 3543 amiamposurluvit.
414 3466 466 3527 Cui
480 3466 543 3526 illc:
564 3468 719 3528 Revertere
739 3475 847 3529 secrete
860 3470 889 3527 in
911 3473 1113 3529 monasterium

78 3562 171 3629 tuum,
200 3561 229 3614 et
255 3553 322 3615 vide
349 3571 386 3615 ne
415 3571 462 3614 me
490 3556 605 3614 vivcutc
629 3553 733 3632 prodas
755 3563 896 3615 secretum
917 3573 1020 3616 mcum.
1064 3556 1112 3614 Ab

97 3740 131 3809 1)
148 3738 171 3795 C
187 3754 360 3807 procerum
377 3740 444 3793 conl.
462 3739 526 3801 lllll,
544 3741 585 3792 96.
605 3770 637 3779 -
655 3742 688 3862 23
706 3740 747 3794 BG
764 3740 1001 3807 religiositatis
1019 3744 1050 3792 in
1068 3758 1112 3792 eo.

152 3838 184 3849 -
202 3809 235 3878 3)
252 3808 273 3863 Β
289 3808 372 3862 illic.
392 3840 422 3851 -
442 3810 475 3878 l)
492 3812 543 3862 vir
560 3808 617 3862 Dei
635 3809 666 3862 ad
702 3810 733 3873 ὓς
751 3826 809 3862 mcx
827 3809 955 3863 domins
973 3810 1022 3862 add
1040 3810 1088 3862 BC.

777 3881 856 3959 12*
