2438 4170
312 103 318 111 '
395 71 476 175 'nn
496 112 767 176 naunomeus.
1047 115 1108 173 rea

88 238 127 294 ast
155 239 351 298 monasterium
379 238 650 313 sanctimonialium,
677 237 801 296 vidimus
828 237 869 296 ibi
896 235 1022 312 puellam
1043 243 1111 295 ante

85 318 231 395 adventum
245 331 374 384 nostmm
396 326 551 400 obsessam,
574 325 625 384 sed
642 330 715 383 tune·
732 331 792 382 tam
813 322 952 383 beneficio
974 322 1109 397 reliquia-

10 419 17 431 ·’
83 421 145 468 mm
175 428 259 488 quam
291 429 420 472 soromm
453 413 637 481 orationibus,
656 411 813 470 liberatam.
866 410 913 469 De
941 427 999 485 qua
1026 409 1109 470 nobis

83 496 173 555 rotulit
191 498 318 558 ciusdem
341 499 470 559 coenobii
491 501 641 575 magistra,
665 499 771 556 semina
791 497 936 573 religiosa,
965 496 1042 572 quod
1064 495 1109 554 die

82 583 213 659 madan,
241 581 336 665 dum¹)
359 584 508 645 crudeliter
535 587 573 645 ab
594 585 739 645 immundo
764 587 864 660 spiritu
887 584 1107 658 discerperetur,

81 666 176 729 volens
209 671 326 747 quidam
362 671 479 731 clericus
508 671 645 731 honestus
677 671 756 730 illum
784 672 921 746 probare,
954 669 1109 729 saccellum

79 754 218 824 lbinmum
245 758 414 817 Dominicae
448 758 574 818 coronae
597 758 632 816 dc
658 758 756 817 tabula
777 775 874 832 aurea,
896 775 930 816 ea
951 759 1109 830 nesciente,

79 837 191 919 ouans·
206 851 235 904 et
256 863 343 903 manu
366 845 463 905 clausa
493 863 578 921 super
610 852 696 920 caput
728 845 862 904 obsessae
885 851 992 917 tenens,
1014 845 1108 900 maxi·

77 935 143 989 mos
167 933 192 990 ei
220 931 357 992 clamores
380 934 522 990 excitarit.
574 930 626 990 Cui
650 949 715 990 eum
736 931 862 1009 dicerent
884 933 1108 1004 olrcumstantes,

77 1022 192 1076 musam
217 1017 317 1077 furens
346 1021 406 1078 eius
434 1021 612 1095 ignorantes,
642 1017 710 1092 quid
732 1017 852 1092 clamas,
883 1016 1011 1090 diabole,
1040 1016 1108 1091 quid

75 1090 185 1163 haba?
213 1105 373 1181 respondit:
402 1105 468 1164 Hoc
497 1105 574 1180 quod
601 1105 654 1162 suit
681 1106 710 1161 in
736 1107 828 1180 capite
850 1103 1001 1177 Altissimi,
1023 1099 1106 1183 hoc²)

75 1194 163 1263 caput
181 1208 277 1250 meum
296 1191 427 1268 deprimit
453 1197 482 1250 et
502 1194 610 1268 pungit,
632 1197 661 1250 et
682 1191 774 1250 dicitis
795 1191 863 1248 mihi
887 1190 954 1266 quid
977 1188 1107 1249 clamas?
1165 1232 1168 1240 ,

73 1262 117 1330 Et
128 1276 264 1337 aedificati
278 1285 344 1336 sunt
360 1277 446 1346 valde
465 1281 694 1356 circumstantes,
705 1280 828 1339 maxime
844 1295 963 1352 sorores,
986 1275 1106 1352 duplicis

73 1359 262 1424 reiterantes
275 1381 375 1424 vemm
390 1367 622 1440 experimentum,
643 1364 775 1424 videlieet
792 1360 870 1438 quod
892 1367 990 1439 spinae
1013 1356 1106 1422 essent

74 1455 174 1527 verae,
199 1458 231 1512 et
259 1451 338 1526 quod
358 1451 462 1511 semina
486 1454 625 1511 veraciter
647 1452 765 1510 obsessa
787 1457 862 1510 esset
870 1446 891 1531 ³)
914 1468 932 1508 a
959 1451 1106 1509 daemone.

10 1572 14 1607 :
76 1524 159 1607 Quod
184 1540 208 1597 si
236 1541 330 1596 minus
359 1539 432 1598 haec
461 1538 517 1597 duo
547 1539 599 1597 tibi
620 1538 762 1597 sufficiunt
784 1537 929 1613 exempla,
956 1535 1106 1595 recordare

75 1616 158 1683 utum
176 1624 289 1684 illomm
300 1624 514 1684 daemoniorum
535 1627 564 1683 in
587 1625 711 1700 capitulo
732 1625 824 1700 primo
836 1630 865 1683 ct
878 1623 1004 1684 secundo
1020 1629 1105 1697 atque

10 1710 12 1717 '
77 1704 154 1771 turtio
174 1710 361 1772 distinctionis
386 1715 494 1772 tertiae.

426 1937 659 1998 CAPITULUM
681 1938 751 1997 XV.

255 2078 411 2158 Quomodo
438 2079 594 2138 mamonae
614 2083 673 2138 sim
694 2083 725 2138 la
747 2078 920 2137 bominibus.

133 2234 337 2297 NOVICIUS:
363 2234 435 2294 Cum
458 2234 493 2293 de
517 2235 562 2295 his
583 2235 652 2295 mihi
673 2237 851 2296 satisfactum
872 2238 923 2310 sit,
945 2241 990 2296 est
1011 2233 1105 2294 adhuc

74 2322 147 2398 quod
174 2339 221 2382 me
249 2329 354 2382 movet.
398 2322 522 2399 Quidam
551 2329 694 2398 assemnt,
724 2323 876 2383 daemone&
904 2340 962 2381 non
992 2338 1054 2380 esse
1075 2322 1105 2378 in

71 2406 240 2485 bominibus,
261 2409 312 2469 sed
334 2416 421 2484 extra,
444 2426 478 2468 eo
501 2410 578 2485 quod
601 2417 741 2485 castrum,
766 2428 823 2469 non
845 2413 929 2484 intus,
951 2406 1002 2468 scd
1025 2413 1104 2466 extra

71 2495 180 2557 dicatur
208 2495 341 2555 obsideri.
382 2494 441 2554 Alii
468 2500 638 2557 contrarium
664 2500 801 2572 cendunt,
829 2498 980 2554 innitentes
1011 2493 1104 2552 verbis

67 2581 226 2644 Salvatoris
243 2582 374 2642 dicentis:
395 2583 455 2642 Eat
474 2584 511 2642 ab
535 2601 576 2656 ee,
598 2588 717 2660 spiritus
739 2577 927 2659 irrrncuadffi).
964 2578 1103 2649 MONA·

69 2668 186 2731 OHUS:
211 2668 367 2746 Improprie
390 2669 491 2728 dicitur
513 2672 596 2745 exire,
617 2672 671 2728 nisi
692 2669 769 2744 quod
789 2672 865 2728 intus
888 2674 940 2726 est.
983 2667 1103 2740 Utrique

65 2761 165 2817 tamen
176 2773 276 2815 vemm
291 2756 396 2832 dicunt,
417 2756 575 2815 secundum
588 2756 703 2831 aliquid,
719 2757 826 2815 scilicet
847 2753 924 2830 quod
944 2756 974 2813 in
988 2754 1104 2812 homine
1211 2766 1216 2775 ‘

66 2846 159 2919 possit
180 2859 252 2917 esse,
275 2849 303 2901 et
323 2860 381 2902 non
404 2860 475 2902 csse.
518 2844 584 2902 Non
604 2849 700 2919 potest
722 2860 784 2902 esse
806 2841 935 2901 diabolus
957 2844 986 2899 in
1008 2842 1104 2900 anima

65 2928 203 3005 humana,
217 2929 463 3006 secundumquod
477 2927 663 3009 Ginnadius⁵)
685 2932 714 2988 ln
735 2930 912 2989 distinctione
921 2924 941 3008 ⁶)
966 2929 1103 2988 ecolesm-

65 3018 204 3077 sticorum
225 3016 389 3076 docmatum
412 3016 526 3092 diffinit,
551 3018 662 3077 dicens:
684 3017 864 3076 Daemonem
885 3033 937 3092 per
956 3017 1102 3091 inergiam,

64 3101 162 3178 idest,
185 3106 388 3179 operationem,
409 3121 466 3162 non
482 3103 621 3163 credimus
639 3104 862 3170 substantialiter
882 3102 960 3162 illabi
982 3105 1102 3175 animae,

64 3188 118 3251 sed
139 3190 330 3266 applicatione
353 3197 381 3249 et
403 3193 585 3266 oppressione
607 3193 687 3250 uniri.
730 3191 815 3250 Illabi
828 3198 925 3250 autem
946 3191 1042 3264 menti,
1062 3186 1102 3246 illi

64 3276 119 3338 soli
139 3276 275 3353 possibile
297 3283 341 3337 est
362 3280 412 3353 qui
433 3280 552 3352 creavit,
586 3280 633 3354 qui
665 3285 769 3339 natura
789 3279 946 3338 subsistens
967 3280 1101 3351 incorpo-

83 3479 115 3549 1)
132 3477 194 3533 uc?
211 3494 286 3533 cum.
306 3510 337 3520 -
356 3481 388 3549 2)
407 3479 466 3533 hoc
483 3480 533 3531 add
549 3480 598 3533 BG.
617 3510 650 3520 -
668 3481 700 3549 3)
718 3481 738 3533 Β
756 3483 923 3534 veraciter
941 3490 1030 3534 esset
1047 3481 1101 3532 ob-

134 3563 241 3615 sessa,
267 3548 288 3601 D
312 3558 403 3605 esset
429 3551 597 3603 veraciter
627 3550 776 3615 obsessa,
802 3551 823 3605 0
851 3553 1017 3603 veraciter
1038 3550 1100 3601 ob·

134 3633 230 3671 sesso
259 3618 354 3672 lorea
374 3649 404 3660 -
430 3620 462 3688 l)
486 3620 559 3671 llorc.
578 3623 610 3684 5,
627 3621 651 3673 8.
671 3651 702 3660 -
727 3621 758 3689 6)
777 3620 920 3674 Gennadius
944 3620 976 3672 de
1002 3620 1099 3673 Eccles.

133 3686 224 3777 Bogus.
242 3703 297 3757 cap.
315 3689 357 3742 82.
378 3717 408 3730 —
427 3690 460 3759 6)
478 3689 519 3744 BG
536 3689 824 3746 distinctionibus.
