2438 4170
409 232 464 294 nn
487 231 772 325 couvuusroun.
872 293 875 305 ι
1091 237 1110 294 r

75 356 251 418 visitationes
280 327 462 414 dornomm.x
487 354 573 415 Anno
601 358 687 432 igitur
713 356 831 415 Domini
859 355 1008 415 millesimo
1040 372 1111 416 cen·

75 446 176 502 tesimo
205 445 303 518 quinto
333 442 443 502 decimo
472 443 591 502 iimdata
612 449 655 501 est
677 442 779 502 domus
802 442 1001 518 claraevallis,
1030 445 1132 511 cuius

74 532 182 606 primus
204 528 306 588 Abbas
335 535 396 588 erat
423 536 540 610 sanctus
571 530 748 604 Bemardus3
779 529 968 589 claustrensis
980 527 997 610 ¹)
1025 546 1111 606 vero,

73 617 223 676 millesimo
240 619 394 675 centesimo
413 619 554 675 tricesimo
577 623 686 692 quarto.
729 616 842 676 Deinde
863 635 938 676 auno
961 615 1111 677 millesimo

74 705 230 764 centesimo
256 705 429 779 octogesimo
452 709 570 777 octavo,
592 710 672 761 sexto
696 702 805 762 decimo
827 703 974 763 Kalendas
995 702 1111 779 Aprilis,

73 796 233 850 conventus
260 796 356 848 noster
387 793 473 849 exivit
499 789 535 848 de
565 789 697 848 Oleastro
725 789 929 850 cumAbbate
957 808 1010 851 suo
1031 790 1111 851 Her·-

72 894 194 951 manno‚
216 883 246 936 et
277 876 428 936 undecimo
454 876 601 936 Kalendas
630 876 757 943 eiusdem
785 881 890 937 mensis
918 879 997 937 venit
1024 894 1111 953 super

72 968 202 1022 montem
230 963 404 1040 Stromberg.
454 963 561 1022 Postea
590 969 690 1037 quarto
718 981 792 1023 anno
821 964 968 1023 descendit
993 967 1024 1022 in
1044 963 1111 1024 val-
1142 1001 1145 1004 ⁴

72 1050 145 1125 lem,
175 1067 251 1126 quae
278 1067 354 1109 nunc
383 1048 511 1131 diuitum)
541 1050 632 1108 Vallis
657 1053 749 1110 sancti
778 1051 864 1109 Petri.
906 1049 1110 1112 NOVICIUS:

73 1137 149 1197 Cum
171 1154 208 1196 ex
229 1137 274 1197 his
296 1154 369 1213 quae
391 1137 495 1211 audivi,
518 1136 586 1195 ordo
608 1137 761 1213 Nigromm
769 1135 790 1216 ³)
813 1144 843 1196 et
862 1145 960 1198 noster
981 1138 1119 1200 eiusdem.

72 1226 130 1284 sint
158 1224 290 1300 regulae,
318 1226 405 1283 miror
436 1242 487 1283 cur
515 1231 575 1282 tam
597 1224 718 1300 disparis
739 1227 795 1282 sint
816 1224 990 1301 disciplinae.
1030 1223 1110 1284 ΜΟ-

71 1310 247 1371 NAOHUS:
279 1311 400 1370 Noveris
428 1310 629 1370 Cluniecenses
659 1318 687 1370 ct
709 1310 909 1371 cistercienses
936 1315 1021 1371 unius
1044 1314 1111 1386 qni·

72 1398 140 1457 dem
168 1414 232 1457 esse
260 1398 392 1474 regulae,
418 1397 470 1457 sed
499 1397 639 1456 dissimilis
672 1398 881 1458 observantiae.
922 1398 1014 1458 Aiunt
1034 1391 1111 1458 enir'n

71 1487 197 1562 rigorem
224 1485 340 1561 regulae
361 1503 380 1544 a
402 1485 573 1559 quibusdam
602 1487 707 1543 sanctis
728 1487 858 1560 patribus
880 1503 943 1545 esse
964 1493 1110 1562 tempera-

72 1577 150 1646 tum,
177 1579 211 1630 ut
231 1571 313 1630 multi
339 1574 369 1628 in
391 1572 487 1630 ordine
519 1567 657 1650 possint)
680 1572 793 1632 salvari.
835 1572 882 1632 De
903 1573 1004 1631 habitu
1024 1589 1109 1648 vero,

71 1661 103 1718 in
129 1676 187 1734 quo
215 1660 339 1717 maxima
367 1659 571 1730 videturesse
599 1658 764 1733 diversitas,
790 1659 858 1717 audi
887 1659 955 1734 quid
984 1659 1109 1720 dicatur

71 1744 120 1806 De
142 1746 238 1806 colore
260 1752 311 1804 aut
330 1745 519 1824 grossitudine
540 1762 606 1805 non
620 1751 772 1804 causentur
793 1746 939 1821 monachi,
961 1746 1013 1805 sed
1035 1763 1109 1822 qua·

71 1831 114 1892 les
141 1835 263 1892 inveniri
288 1839 407 1908 possunt
434 1835 465 1890 in
495 1834 643 1911 provincia
664 1828 748 1911 quas)
778 1831 923 1907 habitant,
952 1839 1003 1891 aut
1031 1832 1110 1908 quod

72 1919 158 1980 vllius
174 1922 333 1994 comparari
353 1916 486 1999 potest⁶).
528 1919 610 1978 Haeo
633 1918 726 1978 dehis
749 1918 825 1978 dicta
848 1919 999 1979 sufficiant.
1041 1919 1109 1981 Hoc

72 2013 170 2066 autem
197 2006 287 2080 fixum
311 2014 423 2081 teneas,
455 2005 560 2065 ordinis
585 2007 676 2064 nostri
705 2012 852 2066 auctorem
880 2023 943 2066 esse
971 2006 1109 2082 Spiritum

72 2101 218 2168 metm,
254 2095 449 2152 institutorem.
468 2088 628 2171 sanctum⁷)
663 2093 867 2169 Benedictum‚
909 2096 1108 2155 innovatorem

71 2196 141 2242 vero
162 2181 357 2242 venerabilem
377 2179 525 2240 Abbatem
546 2180 714 2240 Robertum.
782 2226 785 2232 .

451 2403 682 2466 CAPITULUM
702 2405 741 2466 H.
779 2407 782 2412 ’

124 2527 206 2606 Quid
225 2529 264 2586 sit
285 2530 443 2600 convenio,
464 2527 544 2585 uude
566 2528 691 2601 dicatam
715 2527 799 2587 etde
820 2525 966 2602 membres
988 2529 1058 2587 eiua

135 2664 339 2727 NOVTOIUS:
362 2665 550 2726 Considerans
572 2667 796 2743 mypractatione
818 2673 868 2727 tua
890 2666 1019 2726 ordinem
1039 2682 1108 2742 prc-

71 2755 183 2831 posItae
204 2756 381 2829 narrationis,
398 2756 484 2812 miror
502 2756 662 2813 contritioni
683 2756 873 2836 antepositam
894 2755 1015 2831 gratiam
1037 2770 1109 2812 oon-

71 2836 223 2916 versionis,
252 2859 318 2901 cum
346 2840 477 2900 videatur
498 2857 613 2915 prorsus
635 2841 826 2916 superfluum,
847 2848 880 2900 ut
901 2843 964 2916 quis
987 2857 1109 2900 conver·

72 2933 162 3004 tatur,
189 2930 243 2987 nisi
270 2930 348 3004 prius
370 2927 405 2987 de
426 2929 553 3004 pcccatis
574 2930 633 2986 suis
662 2934 830 2988 conteretur.
873 2926 1108 2988 MONAOHUS:

73 3014 212 3075 Contritio
234 3014 388 3090 aliquando
409 3014 555 3091 praecedit
577 3017 805 3091 conversionem,
834 3014 987 3092 aliquando
1009 3015 1108 3089 sequi·

72 3108 127 3161 tur.
169 3099 373 3162 NOVIOIUS:
402 3094 515 3162 Vellem
543 3101 613 3161 mihi
639 3101 695 3160 hoo
722 3102 857 3178 exemplis
879 3102 1008 3177 probari3
1029 3103 1109 3177 prius

72 3195 170 3249 tamen
191 3188 290 3247 audire
312 3188 443 3264 delectat,
468 3187 537 3263 quid
558 3191 595 3247 sit
616 3191 772 3264 conversio,
793 3189 869 3248 unde
891 3190 1016 3263 dicatur,
1039 3194 1109 3264 quot

72 3276 130 3337 sint
157 3277 218 3336 eius
239 3277 363 3354 species,
391 3293 444 3336 seu
472 3274 576 3354 quibus
605 3277 803 3336 occasionibus
833 3277 896 3352 quis
917 3276 1108 3348 eonvertatur.

91 3461 123 3532 1)
140 3461 161 3514 l)
179 3460 420 3514 claustrenses.
447 3460 566 3530 lntelligit
589 3469 679 3513 auctor
704 3461 902 3525 llemmenrcds‚
934 3459 1108 3524 llimmcrode‚

141 3530 236 3583 ordinis
253 3530 426 3583 cisterciensis
448 3532 641 3593 monesterium,
659 3547 738 3599 prope
756 3530 869 3600 llylburg
886 3533 912 3582 in
930 3531 1000 3583 Eidla
1024 3532 1106 3583 situm.
1176 3530 1180 3541 “

143 3630 173 3643 -
193 3601 226 3669 2)
244 3600 367 3653 dicitur
390 3600 501 3654 habeti}
518 3609 576 3668 post
593 3600 690 3653 Petri.
718 3601 786 3652 llaec
808 3601 879 3654 vallis
901 3609 1006 3654 vocatur
1030 3599 1107 3670 vulgo

141 3669 314 3723 llsieterbach.
336 3700 370 3710 -
393 3671 461 3737 ilc
483 3670 533 3722 add
555 3671 785 3723 monachorum.
809 3671 892 3740 Nigri,
910 3669 1026 3723 monachi
1048 3678 1107 3722 sunt

142 3738 236 3792 ordinis
253 3740 279 3793 S.
296 3739 434 3796 Benedicti.
454 3770 485 3781 -
504 3741 536 3809 l)
553 3739 595 3793 BG
636 3749 759 3793 ossont.
779 3770 810 3782 -
830 3742 861 3810 5)
879 3739 921 3793 ΒΟ
938 3742 970 3791 in
987 3755 1058 3808 qua.
1074 3769 1106 3780 -

142 3807 176 3880 d)
190 3809 269 3864 verba
285 3818 344 3864 sunt
360 3809 472 3881 liegulae
488 3811 515 3867 S.
532 3756 665 3867 Benedicti
682 3826 740 3884 cup.
758 3811 802 3869 55.
820 3811 901 3884 -ll
914 3809 962 3866 dl)
973 3809 1127 3864 meatum.
