2438 4170
93 203 158 264 sao
407 200 640 297 nrsrmorro
662 198 830 281 onnam

1166 238 1169 269 Ι

93 325 163 386 dum
183 326 275 401 sistes,
296 341 332 385 eo
354 325 434 401 qnod
454 325 577 402 pelagus
598 327 636 385 sit
655 324 748 385 latum
769 330 799 384 et
820 324 996 400 spatiosum,
1016 335 1120 399 gressus
1164 282 1169 361 1

91 420 190 473 autem
210 420 277 471 tuus
298 414 422 472 strictus
463 412 554 473 blane
580 428 649 489 ergo
677 414 708 471 in
737 410 863 471 elaustro
893 416 961 485 tuo,
984 409 1116 483 frequente
1164 426 1169 459 ³

93 502 251 561 oratorium
271 506 353 558 tuum
369 497 395 579 ¹),
416 506 448 558 ut
469 500 516 559 die
528 507 675 574 noctuque
695 500 789 575 possis
804 504 928 574 peccata
948 502 998 556 tua
1011 493 1113 571 deplen-

94 603 172 663 gere.
213 585 357 661 Exspecta
377 587 538 662 paulisper,
566 594 596 646 et
616 586 740 645 habebis
760 587 832 645 satis
853 590 948 645 terrae
968 583 1063 643 subtus
1079 587 1109 656 to,
1164 634 1168 649 t

95 682 126 735 et
145 690 234 748 supra
255 680 292 747 te,
314 680 344 732 ct
363 676 438 733 intra
458 680 496 748 te,
518 676 587 749 quia
606 673 703 748 pultis
724 689 765 747 es,
787 678 817 731 et
829 673 860 731 in
874 671 1021 747 pulverem
1031 684 1107 729 rere·

95 757 206 839 tens2).
246 758 330 819 Haec
351 760 501 819 audientes
523 760 641 835 quidam
662 776 698 819 ex
711 759 849 818 fratribus
862 758 1026 833 senioribus,
1044 755 1104 817 dixe·

94 852 174 905 runt:
201 845 340 921 Domine,
362 846 492 921 domine,
520 850 546 905 si
567 863 725 906 conversus
746 848 802 905 iste
823 845 908 904 buerit
929 851 1049 919 amotus,
1065 841 1101 901 do·

93 949 159 991 mus
179 930 307 1011 nostra³)
328 934 483 993 subsistere
497 949 555 992 non
576 935 690 1010 poterit
732 931 782 991 Ad
804 931 884 1008 quod
903 931 952 991 ille
972 928 1101 1007 respondit:

94 1018 200 1078 Melius
221 1027 318 1078 estut
339 1020 442 1079 domus
462 1028 570 1096 pereat,
594 1038 683 1095 quam
703 1021 809 1078 anima
852 1018 892 1077 Et
911 1034 970 1077 non
991 1015 1102 1093 aequietit

94 1107 225 1181 petitioni
246 1123 354 1165 eornm
395 1105 601 1167 lt'OVICIUS:
630 1106 690 1165 Iste
710 1106 764 1166 luit
791 1122 880 1164 verus
900 1111 1011 1181 pastor,
1034 1104 1101 1162 sons

95 1208 166 1253 ores
186 1192 241 1251 sibi
257 1195 433 1266 commissas,
453 1210 512 1252 non
526 1193 758 1269 corruptibilibus
779 1195 843 1252 auri
865 1199 895 1252 et
916 1193 1022 1269 argenti
1037 1189 1100 1249 nmo

94 1278 255 1351 redemtus,
284 1278 338 1338 sed
364 1282 490 1355 pretioso
518 1283 658 1356 sanguine
686 1281 756 1355 agni
781 1279 960 1339 immaculati
969 1274 1001 1358 *t
1043 1271 1099 1334 Mo·

92 1364 268 1425 NACHL'S:
299 1365 366 1424 Hoc
396 1369 467 1425 satis
496 1369 527 1426 in
559 1370 622 1426 eius
653 1367 752 1427 verbis
784 1373 814 1425 et
842 1361 990 1444 actibus⁶)
1017 1361 1100 1423 claruit·

92 1450 168 1509 liam
189 1458 318 1527 tempore
338 1453 396 1526 illo,
418 1469 476 1528 quo
489 1452 658 1530 Repnaldus
677 1453 773 1513 iaetus
794 1459 840 1513 est
850 1453 988 1513 Coloniae
1005 1448 1100 1510 Arcto·

92 1538 243 1613 piscopus,
265 1545 294 1597 ct
315 1545 410 1598 essent
428 1540 577 1616 Episcopii
597 1539 727 1599 redditus
748 1540 884 1617 obligati,
906 1546 1047 1614 curtesque
1062 1532 1099 1593 dt·

93 1623 211 1698 solatae,
232 1642 349 1683 suasum
370 1634 414 1684 est
436 1629 463 1685 ei
483 1634 516 1684 ut
537 1643 574 1685 ex
595 1626 716 1685 dirersis
737 1626 872 1687 domibus
896 1627 1000 1686 ordinis
1019 1623 1099 1683 cnm·

94 1711 197 1771 elensis
210 1711 358 1771 Dioecesis
379 1729 450 1771 suae
463 1730 618 1773 conversos
634 1713 735 1773 fideles
756 1720 844 1789 atque
858 1713 994 1790 providos
1012 1722 1100 1771 motm-

93 1796 238 1871 modnret,
265 1801 314 1873 qni
335 1806 364 1857 et
386 1800 513 1859 curtibus
533 1807 715 1875 praeessent,
744 1807 774 1859 ct
794 1818 909 1859 armuos
930 1800 1047 1860 redditus
1062 1805 1100 1853 tlt

93 1882 231 1943 industria
251 1885 445 1944 reformarent.
487 1886 543 1962 Qui
564 1904 632 1945 cum
653 1886 773 1946 consilio
794 1887 847 1946 tali
868 1889 1059 1963 acquievisset,
1079 1881 1101 1936 ti

92 1976 152 2027 tam
174 1986 210 2027 ex
231 1969 341 2047 Campo
363 1989 451 2047 quam
472 1989 509 2031 ex
529 1972 647 2047 Monte,
669 1973 804 2033 domibus
826 1973 982 2051 religiosis,
1008 1980 1100 2032 conre-

92 2070 142 2113 sos
161 2054 273 2129 aliquos
294 2057 455 2133 collegisset
465 2055 497 2138 ‘),
517 2077 637 2119 suasum
659 2067 705 2119 est
726 2062 768 2135 ei,
789 2069 823 2119 ut
845 2064 934 2120 etiam
954 2058 1102 2137 praedone

92 2155 262 2200 conversum
297 2153 463 2203 assumeret
524 2145 582 2205 Pro
615 2163 673 2221 quo
707 2164 775 2205 cnm
814 2147 983 2206 honestum·
1007 2139 1102 2204 mnissl

92 2228 246 2289 nuncium.
286 2236 315 2287 et
352 2229 399 2289 ille
437 2249 473 2291 cx
507 2242 589 2308 parte
625 2233 762 2309 Episcopi
792 2234 949 2294 salutasset
976 2223 1102 2306 Praeposi-

92 2318 173 2383 tttnr,
204 2313 321 2373 adiecit:
353 2316 495 2377 Dominus
516 2336 598 2378 meus
629 2319 775 2380 modicam
803 2323 974 2396 petitionem
1009 2319 1104 2395 petite

92 2398 191 2469 robis,
220 2417 307 2474 quarn
334 2404 360 2461 ei
388 2421 494 2480 negare
522 2422 580 2464 non
609 2405 730 2465 debetis.
774 2406 829 2466 Cui
859 2425 927 2467 curn
949 2402 1104 2481 Praeposito

93 2484 299 2558 respondisset:
320 2487 386 2546 Non
408 2502 451 2549 est
473 2491 580 2550 domini
601 2495 658 2551 mei
675 2510 778 2570 rogare
799 2511 856 2569 me,
879 2494 932 2554 sed
953 2494 1105 2571 praeciptrti

92 2570 237 2629 subiunxit
266 2572 326 2633 ille:
354 2574 431 2634 Petit
459 2578 580 2651 obnixe,
608 2586 640 2636 ut
668 2579 758 2640 talem
791 2598 967 2641 conversum
995 2579 1030 2641 ad
1054 2572 1107 2636 tilii

91 2672 161 2713 usus
189 2660 215 2715 ci
241 2662 472 2724 accommodetis.
514 2664 564 2723 Ad
585 2665 664 2739 quod
697 2667 822 2726 terbum
843 2668 1031 2744 Praepositus
1059 2659 1109 2723 seii

92 2740 249 2817 humiliter,
281 2754 444 2807 coustanter
468 2767 504 2810 ac
525 2759 675 2812 mnmuete
696 2754 861 2828 respondit:
894 2754 1002 2816 Habeo
1024 2752 1111 2811 duoet-

92 2834 137 2885 tas
158 2844 229 2887 oses
255 2831 285 2888 in
307 2832 356 2889 tnli
376 2838 510 2911 grangia,
541 2840 570 2895 in
599 2838 663 2898 aliis
683 2856 754 2898 rero
783 2848 828 2899 tot
856 2847 888 2901 et
916 2849 976 2919 tot,
1008 2838 1113 2901 omilim

92 2910 183 2970 bores
204 2920 233 2973 ct
253 2932 358 2991 eqtros3
391 2920 522 2981 dominus
543 2941 626 2983 meus
647 2925 730 2985 tollat
751 2943 788 2985 ex
800 2927 857 2986 illis
870 2925 891 3007 ²)
915 2936 1055 3004 quantum
1074 2938 1115 2983 ro·

91 2994 187 3069 lttotit3
219 3016 389 3064 conuersum
417 3012 620 3070 veroanimne
641 3029 724 3071 meae
765 3017 955 3074 commissum
988 3015 1025 3075 ad
1059 3010 1117 3073 tna

92 3096 162 3139 ustis
183 3100 240 3141 non
261 3084 388 3147 brtlrcbit.
430 3093 494 3169 Ego
521 3104 619 3155 autem
648 3115 707 3156 non
736 3098 773 3157 de
803 3100 944 3181 oribnst)
974 3109 1004 3161 et
1024 3101 1120 3169 bobus,

91 3165 143 3223 sed
164 3166 200 3225 dc.
214 3175 372 3233 torrrrnissis
393 3177 463 3237 mibi
480 3184 640 3249 animabus,
661 3202 774 3244 summo
789 3191 901 3261 pastori
922 3193 953 3249 in
976 3189 1021 3247 die
1038 3184 1121 3246 indicit

91 3253 230 3313 rationem
256 3256 417 3321 redditurus
448 3283 521 3325 snm.
563 3269 601 3327 Et
629 3287 689 3329 non
710 3277 856 3331 concessit
877 3276 913 3333 ei.
957 3275 1083 3350 Reliquit
1100 3278 1123 3332 et

91 3335 169 3395 slittd
190 3337 366 3405 liberalitatis
387 3366 457 3410 suae
478 3353 622 3427 indicimn,
644 3366 745 3417 contra
759 3362 915 3419 avaritiam
936 3362 1124 3438 religiosomm

91 3420 160 3481 utile
181 3426 251 3484 satis
272 3433 443 3508 escrnplttm
485 3438 542 3501 Die
564 3442 706 3519 quadum,
735 3453 895 3521 antequam
922 3455 1038 3508 amotus
1059 3452 1126 3508 esset

112 3602 142 3671 l)
156 3610 242 3661 tuum
260 3624 301 3663 otu
318 3611 374 3671 lte:
391 3618 458 3671 cotti.
474 3621 534 3683 tlt.
552 3626 593 3679 15.
612 3657 643 3667 -
663 3629 696 3697 2)
714 3629 806 3681 Genea.
825 3632 852 3693 3,
871 3631 914 3683 19.
933 3663 967 3671 -
986 3633 1018 3700 3)
1037 3631 1058 3685 G
1080 3646 1128 3683 re·

160 3680 236 3763 titt:
254 3680 321 3733 -i
354 3682 421 3768 Pele·
438 3688 458 3749 l,
477 3691 502 3757 1,
520 3694 561 3747 ts.
581 3696 663 3748 te·
683 3698 755 3766 5)B
774 3702 874 3764 actis,
892 3701 1128 3756 (lectionibus.

162 3769 192 3783 ··
212 3746 245 3813 ⁶)
262 3746 284 3799 D
301 3766 317 3801 θ
337 3766 473 3823 egisset
492 3791 524 3803 -
544 3764 577 3831 l)
594 3765 616 3817 ll
633 3768 689 3819 cis.
709 3797 739 3808 -
760 3769 795 3838 8)
812 3769 835 3822 ll
852 3769 903 3822 add
921 3773 1009 3823 meis.
