2438 4170
100 240 161 299 342
421 237 650 300 DISTINOTIO
678 237 813 301 SEXTA

96 363 222 438 aliquem
238 363 279 421 ire
293 361 397 421 debere
409 361 447 421 ad
461 368 593 436 castrum,
614 379 665 437 per
677 379 763 436 quem
777 361 880 421 saltem
893 378 996 421 merces
1008 356 1021 441 ¹)
1031 363 1051 421 ei
1066 365 1099 422 ir·

96 454 268 522 notesceret,
295 451 419 507 maxime
440 447 595 508 Abbatem.
639 449 695 524 Qui
724 449 884 524 respondit:
912 449 972 525 Ego
991 465 1039 508 non
1053 449 1099 523 ibo,

97 539 165 612 quia
185 535 327 594 monendo
347 535 428 593 illum
448 534 519 593 nihil
539 534 718 611 proficimus,
750 536 802 594 sed
822 552 919 594 aerem
938 535 1098 594 mummnedo

48 615 51 619 ’
96 623 289 682 verberamus.
332 621 422 681 Simili
449 622 535 681 medo
564 630 718 681 excusante
745 640 777 681 se
798 623 896 682 Priore
925 629 952 680 et
978 622 1098 693 cellerario,

96 711 242 769 subiunxit
262 707 376 766 Abbas:
400 709 488 767 Estne
510 708 555 767 hie
570 700 680 784 aliquis,
703 711 752 783 qui
773 709 868 768 adhuc
881 708 968 768 semel
985 705 1098 768 ireveliti

95 796 270 855 Tacentibus
283 798 399 869 cunetis,
412 814 486 853 unus
499 795 633 853 divinitus
645 799 807 871 inspiratus,
821 787 961 874 promte&
972 793 1097 870 respondit:

95 882 258 941 Monachus
278 882 326 939 illc
346 881 448 955 vadat,
476 881 622 940 hominem
644 900 742 941 senem
763 899 798 941 ac
820 878 1042 957 simplicissimum
1058 895 1098 938 no·

95 971 216 1028 minans.
258 969 388 1027 Vocatus
410 975 455 1028 est
475 968 692 1045 monachus;·si
713 972 753 1027 ire
774 968 862 1028 vellet
883 970 920 1028 ad
938 975 1050 1028 castrum
1066 967 1099 1022 iu·

97 1058 224 1131 quiritum,
245 1056 350 1129 obedit,
371 1058 497 1114 mittitur.
541 1056 597 1131 Qui
619 1073 684 1114 cum
706 1057 743 1114 ab
765 1055 883 1115 Abbate
911 1054 1052 1127 recederet,
1074 1067 1099 1109 er

89 1143 186 1221 ¹multa
207 1142 300 1202 cordis
322 1145 366 1200 sui
386 1142 565 1217 simplicitate
586 1144 708 1202 verbum
728 1142 784 1202 hoc
805 1143 936 1218 protulit:
957 1142 1043 1215 Pater,
1066 1139 1099 1194 in·

96 1233 166 1305 quit,
187 1232 212 1288 si
232 1231 329 1304 aliqua
349 1231 441 1304 portio
464 1228 532 1287 mihi
553 1230 636 1288 fuerit
657 1231 802 1304 restituta,
823 1232 972 1304 recipiam,
992 1247 1024 1287 an
1039 1219 1101 1284 non?

95 1317 267 1393 Respondit:
300 1316 442 1392 Quicquid
470 1315 608 1375 rehabere
636 1318 758 1391 poteris,
791 1319 915 1391 accipias
927 1313 948 1395 ³)
968 1318 996 1373 in
1013 1313 1100 1372 nomiae

94 1404 220 1463 Domini.
269 1403 374 1461 Melius
396 1409 440 1460 est
471 1402 595 1477 aliquid,
627 1420 715 1478 quam
735 1402 813 1460 nibil.
856 1401 937 1462 Abiit
962 1401 1017 1475 ille,
1042 1396 1101 1458 uenit

95 1490 133 1550 ad
165 1496 305 1564 castrum,
335 1492 471 1548 nuncium
497 1489 624 1549 Abbatis
653 1496 695 1548 et·
708 1490 825 1548 fratrum
865 1507 931 1549 cum
959 1485 1119 1548 armentu·

39 1637 42 1641 ,
95 1578 225 1637 deferens
245 1583 375 1653 tyranno.
417 1576 456 1633 Et
477 1579 544 1651 quia
564 1577 728 1651 simplicitas
748 1579 831 1655 iusti,
856 1564 1099 1647 seeundumJeb‘),

95 1665 205 1740 lampas
234 1670 278 1723 est
299 1669 442 1723 contemta
469 1665 498 1721 in
527 1664 617 1722 oculis
637 1663 792 1737 malorum,
821 1669 959 1739 tyrannus
985 1669 1100 1721 sermones

96 1754 156 1812 eius
177 1751 387 1827 parvipendens
408 1755 437 1809 et
463 1749 581 1809 irridens
602 1752 655 1809 ait:
686 1750 826 1823 Domine,
848 1755 1014 1825 exspectate,
1031 1746 1099 1805 donet

94 1856 216 1914 pransus
237 1838 352 1911 inieritis,
374 1844 443 1894 tune
465 1839 540 1894 enim
562 1836 779 1911 respondebitur
799 1837 892 1894 vobis.
919 1833 998 1894 Ho'ra
1014 1826 1099 1908 praelii

94 1923 133 1983 ad
160 1939 289 1980 mensam
319 1939 498 1980 communem
527 1925 638 1996 positus
670 1928 728 1995 est,
760 1928 789 1981 et
817 1923 923 1981 cibaria
955 1915 1098 1984 commemo.

95 2025 194 2067 carnes
216 2008 323 2071 scilieet
350 2010 379 2065 in
400 2009 477 2065 bona
499 2010 665 2082 quantitate,
687 2009 713 2065 ei
735 2009 807 2066 sieut
829 2010 930 2067 ceteris
950 2013 1012 2066 sunt
1028 2015 1098 2078 appi·
1132 2024 1134 2033 ·

94 2098 174 2154 sitae.
217 2095 270 2154 Vir
290 2101 405 2153 sanctus
426 2095 507 2152 verbi
528 2093 652 2153 Abbatis
674 2097 718 2152 sui
739 2096 936 2169 reminiscens,
965 2099 992 2152 ct
1010 2101 1097 2158 comet,

95 2198 168 2257 quae
196 2188 257 2238 tarn
284 2181 362 2239 laerte
392 2183 636 2254 ministrabantur,
665 2181 700 2239 de
728 2182 879 2256 pecoribus
901 2179 1052 2240 monasterii
1067 2172 1098 2230 rui

95 2285 237 2328 essenon
260 2267 407 2339 dubitansr,
430 2275 568 2342 quantum
590 2286 625 2326 ex
647 2270 779 2327 carnibus
800 2285 913 2326 sumere
934 2269 1034 2343 potuit,
1051 2275 1098 2321 cum

94 2357 210 2428 ceteris,
232 2372 268 2412 ne
290 2354 455 2412 inobediens
478 2362 567 2429 esset,
589 2355 780 2412 manducavit.
823 2355 965 2412 Dominus
986 2352 1058 2412 castri
1073 2362 1099 2404 ex

93 2445 224 2518 opposito
247 2459 311 2499 cum
333 2458 420 2499 uxore
441 2442 582 2516 residem,
615 2449 643 2499 et
672 2443 739 2516 quia
766 2441 923 2499 monachus
945 2438 1101 2500 manducaret

93 2546 208 2603 earnes,
247 2532 315 2586 satis
349 2528 544 2602 considerans,
577 2529 655 2587 finito
688 2528 806 2603 prandio
838 2528 982 2594 hominem
1011 2522 1102 2586 vocarit

93 2634 236 2690 seorsum,
269 2622 296 2673 et
320 2618 372 2673 ait:
402 2613 496 2672 Dicite
518 2616 601 2688 milri,
630 2616 704 2673 bone
727 2615 856 2688 domine,
878 2615 951 2673 solet
972 2614 1103 2674 conventre

93 2710 187 2762 vester
221 2702 394 2760 manducare
427 2701 548 2779 earnes?
587 2701 789 2776 Respondente
821 2702 884 2759 illo:
924 2702 1103 2776 Nequaquam

92 2790 208 2849 adiecit:
232 2789 307 2865 Quid
330 2807 394 2847 eum
411 2788 534 2846 exerunt?
556 2789 617 2847 Nec
637 2791 723 2862 intus,
743 2790 841 2863 inquit,
862 2806 916 2847 nec
930 2797 1007 2847 extra
1027 2799 1107 2846 earnes

91 2876 251 2936 comedunt.
295 2877 376 2934 Tunc
397 2881 547 2950 tyrannus:
580 2876 617 2932 Et
640 2893 727 2949 quare
750 2892 802 2933 vos
825 2875 986 2934 comedistis
1006 2864 1107 2948 hodie‘)

90 2962 174 3021 illas?
218 2963 375 3036 Respondit
396 2962 568 3020 monachus:
592 2962 663 3019 Cum
685 2961 787 3020 Abbas
801 2980 890 3020 *meus
913 2962 969 3021 huc
990 2979 1035 3019 me
1054 2961 1109 3017 mit·

92 3056 172 3123 teret,
192 3051 338 3124 praecepit
359 3049 436 3122 mihi,
457 3057 489 3106 ut
511 3048 645 3123 quicquid
671 3066 706 3106 ex
727 3050 878 3124 pecoribus
901 3049 1036 3108 rehabere
1054 3063 1112 3122 pos·

90 3154 159 3210 sem,
181 3138 310 3209 accipere
331 3153 388 3192 uon
409 3153 577 3194 recusarem.
616 3135 654 3194 Et
676 3139 743 3210 quia
764 3136 834 3193 mihi
856 3138 1006 3194 constabat
1027 3150 1115 3194 canes

89 3225 235 3299 appositas
257 3223 343 3279 fuisse
365 3225 528 3280 monasterii
550 3224 621 3296 mei,
649 3225 718 3280 item
747 3225 813 3297 quia
842 3225 923 3280 timui
944 3222 984 3280 nil
1005 3221 1116 3297 amplius

89 3310 157 3367 mihi
177 3311 236 3367 fore
257 3309 469 3382 restituendum,
491 3311 545 3366 nisi
568 3316 706 3384 quantum
729 3308 862 3367 dentibus
877 3327 979 3385 capere
1002 3326 1118 3385 possem,

88 3397 198 3457 comedi
241 3404 355 3472 propter
391 3397 595 3470 obedientiam,
635 3414 672 3455 ne
713 3399 827 3454 omnino
856 3414 966 3454 vacuus
997 3396 1119 3455 redirem.

106 3533 136 3599 1)
154 3531 202 3582 hoc
220 3540 267 3592 est,
285 3547 374 3597 poena,
392 3547 466 3598 quam
485 3533 591 3596 accipiet
609 3545 624 3580 a
642 3530 695 3581 Deo
713 3538 817 3596 propter
835 3546 892 3580 saar
904 3530 1120 3597 depraedationes.

156 3601 203 3652 Pro
223 3601 336 3651 saltem
361 3616 483 3651 merces
507 3616 595 3651 ornnes
618 3599 675 3650 libri
693 3600 787 3650 habent
806 3601 866 3650 satis
884 3604 982 3666 inepte:
1012 3599 1120 3650 saltem

155 3687 214 3723 res.
235 3701 264 3709 -
285 3672 316 3737 2)
334 3670 417 3721 ACDP
436 3672 582 3735 yroniee.
602 3699 633 3708 -
653 3670 717 3736 3)c
734 3671 900 3735 potueris,
917 3671 1071 3735 recipias.
1091 3698 1119 3708 -

156 3743 188 3808 4)
199 3739 246 3791 lob
261 3741 302 3806 12,
319 3742 344 3791 4.
355 3735 420 3792 5.-
433 3740 494 3807 5)Β
510 3740 607 3791 hodie
626 3739 865 3804 comedistis,c
882 3739 979 3791 hodie
998 3737 1121 3790 manda·

154 3814 267 3865 castis.
