2438 4170
87 214 127 273 68
392 209 619 271 marmeno
641 210 828 272 SECUNDA
866 216 873 229 ⁸

87 341 138 393 est.
182 332 311 408 Cumque
332 331 482 393 duceretur
502 332 541 391 ad
561 339 701 408 mortem,
722 332 859 392 sacerdos
880 331 1003 392 eiusdm
1019 328 1089 403 vilet,

87 422 200 479 nomine
216 418 233 500 ¹)
261 419 446 496 Bertolpbus,
478 437 545 477 eum
577 420 634 479 alio
667 420 836 493 sacerdote,
880 423 928 496 qui
962 420 1092 479 vorabatur

87 506 243 581 lohannes,
265 524 400 583 germano
421 503 544 585 fratris2)
567 505 722 581 supradicti
743 506 899 580 Beruardi‚
928 513 958 565 et
978 506 1090 566 advoertt

87 594 180 667 villae,
201 600 299 669 utpote
321 593 473 668 aliquando
485 592 506 671 ⁸)
529 595 621 651 virum
642 593 814 668 honestum,
835 600 983 653 traxerunt
1001 596 1029 651 iu
1044 608 1094 669 par·

87 688 154 755 terii,
175 683 244 739 satis
265 680 412 757 diligenter
432 696 498 739 eum
518 685 667 738 monentes
690 680 726 739 de
749 682 928 740 consessione
948 687 1031 756 atque
1043 696 1095 739 eon·

88 770 200 826 tritione
222 764 354 847 medies).
397 767 436 825 Et
457 768 524 841 quia
551 769 637 824 miser
665 767 753 826 homo
781 784 834 842 per
860 785 892 826 se
921 784 1033 844 surgere
1054 782 1097 827 uos

88 857 194 931 potuit,
226 871 279 913 nee
301 872 415 913 uranum
437 856 465 911 in
478 850 498 933 ⁶)
521 870 552 911 se
574 853 773 912 sublevantem
795 856 899 929 sensit,
926 852 1098 914 miserabilis

88 941 247 1017 rospondit:
276 942 351 1017 Quid
378 940 448 999 milri
474 947 591 1015 possent
617 938 705 1019 isw)
728 940 886 1017 prodesse?
928 941 1023 1001 Homo
1042 942 1099 1001 erin

89 1027 239 1087 Mmuutus
257 1046 330 1087 sum.
371 1028 484 1087 Revera
497 1027 643 1103 respondit
662 1029 736 1086 sieut
748 1029 835 1087 bomo
854 1028 1003 1088 induratus
1017 1036 1043 1088 et
1060 1027 1117 1087 dei

88 1122 225 1191 sparetus,
248 1115 344 1173 similis
358 1115 396 1173 illi
411 1117 459 1189 qui
482 1114 610 1174 dicebat:
632 1113 726 1172 Maior
740 1122 783 1173 est
794 1117 928 1190 iniquitas
938 1134 1012 1192 mea,
1031 1130 1099 1191 1111111
1115 1110 1117 1177 ἶ

89 1210 121 1259 ut
141 1205 255 1261 verrium
275 1200 422 1281 mereari).
465 1202 503 1259 Et
523 1204 564 1260 ait
584 1201 623 1258 illi
645 1202 793 1261 sacerdos:
815 1201 927 1261 Adiuro
949 1208 979 1263 te
999 1202 1100 1280 perPs·

88 1296 160 1348 trem
183 1289 333 1348 etlilium
356 1296 384 1347 et
405 1288 540 1363 Spiritum
567 1294 712 1363 sanetum,
740 1296 773 1348 ut
799 1289 872 1348 iufra
899 1289 954 1348 hos
982 1290 1039 1349 dies
1061 1288 1100 1347 ul·

88 1374 199 1455 giutel)
221 1377 289 1435 inibi
309 1393 463 1452 appareas,
493 1383 521 1435 et
549 1379 609 1433 sino
636 1378 713 1433 omni
733 1376 861 1451 periculo
881 1378 960 1436 vitae
981 1374 1101 1437 mesela

89 1470 164 1523 statu
187 1472 237 1523 tuo
259 1481 305 1523 rne
329 1462 474 1523 certifices.
516 1461 692 1539 Respondit:
713 1462 746 1522 Si
766 1463 835 1521 mihi
855 1463 967 1523 licuerit
977 1462 1007 1545 ⁹),
1025 1464 1100 1523 libeu-

89 1558 132 1611 tor
157 1550 213 1609 lroe
242 1551 352 1609 iaciant.
402 1550 507 1625 Sisque
537 1550 619 1609 rotali
647 1567 742 1625 poena
769 1551 886 1625 plexus,
916 1551 953 1610 de
981 1554 1117 1611 tormento.

89 1641 214 1715 eorporis
236 1640 364 1697 transivit
385 1638 422 1697 ad
443 1645 616 1696 tormentum
637 1645 770 1696 aeternae
793 1638 991 1698 damnationis.
1027 1638 1117 1697 uuor.

89 1726 213 1801 quasdam
236 1726 306 1785 inire
326 1732 465 1785 statutum
486 1732 608 1801 tenipus,
629 1723 785 1800 Bertolpho
803 1725 959 1785 dormiente
980 1729 1009 1785 iu
1028 1728 1117 1785 suan

89 1830 151 1883 suo,
172 1822 267 1873 bustris
289 1830 352 1873 esse
375 1815 469 1889 coepit
484 1809 512 1891 ¹⁰)
535 1815 610 1871 eirea
632 1811 748 1870 domurn
768 1811 863 1889 fragor
883 1814 1031 1888 arborum,
1054 1818 1100 1871 1111

90 1901 243 1961 velletrens
264 1900 348 1959 ilutrrs
369 1908 528 1973 ventorum,
549 1906 582 1957 ut
602 1902 666 1975 ipsa
685 1899 819 1958 arrimalia
840 1906 1001 1975 stuperent,
1022 1906 1049 1960 et
1064 1898 1101 1959 vll

89 1990 148 2045 suis
168 1988 235 2045 loris
255 1988 327 2047 iulia
348 1987 471 2047 erlarutra
492 1986 595 2047 stabuli
616 1989 731 2045 retineri
741 1993 867 2062 possent
897 1987 1101 2065 Expergdsou

92 2074 277 2151 llertolplrus,
298 2077 421 2151 respexit
441 2074 480 2133 ud
501 2077 606 2133 ostium
627 2074 745 2146 domus,
777 2080 805 2132 et
827 2091 895 2133 eeee
914 2077 1018 2134 ianuae
1037 2068 1117 2149 quud.

91 2163 119 2221 vi
137 2176 286 2222 ventorum
307 2162 446 2237 impulsae
467 2163 676 2239 aperie-bantur,
697 2160 823 2235 viditque
844 2160 1103 2221 Hildebrandruniu

90 2252 202 2309 earrrirro
223 2248 339 2309 ardente
360 2250 539 2323 residentem,
559 2250 671 2323 sibique
692 2248 811 2307 celerius
831 2251 1063 2324 propinquantem
1074 2238 1104 2325 'b

90 2337 215 2397 'l'erritus
236 2350 332 2398 uertens
353 2355 440 2414 supra
460 2338 593 2409 urvrvbuu,
621 2354 653 2395 se
684 2338 821 2412 signavit.
849 2342 878 2393 et
905 2343 938 2394 ut
958 2342 1044 2396 staret
1060 2330 1105 2393 sul

90 2426 270 2487 irnueeuiouo
299 2424 386 2483 divini
413 2427 535 2485 vitulinis
569 2426 723 2499 praecepit.
764 2423 841 2482 Eece
876 2423 923 2481 hie
956 2441 1020 2483 sum
1045 2422 1108 2481 sert

90 2514 214 2587 prrunisi.
235 2514 332 2587 irrepsit.
365 2512 531 2573 Seiseiteurte
553 2512 600 2571 illo
619 2512 655 2571 de
668 2524 744 2570 statu
753 2528 815 2571 suo.
836 2511 994 2585 respondit:
1015 2510 1110 2569 Aeter·

90 2600 190 2661 ualiter
211 2600 362 2661 obseruatus
383 2619 463 2663 suurn.
494 2601 672 2674 aeternisque
693 2597 829 2659 irreendiis
848 2605 964 2673 propter
984 2598 1112 2673 despera·

90 2690 196 2747 tionem
218 2690 339 2747 rrraxirne
361 2688 523 2764 slruvutatus.
557 2686 589 2747 Si
610 2686 769 2747 seermduru
789 2696 870 2743 nrum
883 2685 1029 2745 eonsilium
1043 2686 1113 2761 egis·

89 2778 372 2851 serupoenitentiarii.
394 2794 444 2851 per
460 2772 488 2829 'i
508 2792 630 2850 persenam
651 2773 837 2850 temporalem
857 2775 1012 2831 evasissem
1025 2779 1115 2830 aeter·

90 2880 164 2921 suun
210 2864 272 2923 Neu
301 2866 376 2923 euiru
408 2866 488 2939 prrrdt
515 2864 597 2921 lleus
625 2863 670 2921 bis
697 2865 726 2920 iu
757 2862 887 2935 idipsum.
929 2860 995 2917 Hoe
1023 2865 1115 2917 autem

90 2952 170 3013 seito.
192 2954 260 3025 eperia
281 2954 305 3008 si
327 2970 383 3009 ιιυιι
406 2954 520 3010 iirisseru
534 2952 618 3009 vivus
632 2967 651 3007 a
665 2966 693 3009 te
709 2949 864 3009 seliuruus
884 2947 1116 3005 netibimortum

90 3056 241 3101 eserenon.
263 3038 337 3097 irretio
361 3046 409 3097 tuo
432 3040 488 3098 bue
510 3039 699 3098 dervensem.
744 3035 867 3095 t'onsrrlo
888 3036 953 3107 tibi,
978 3040 1011 3091 ut
1030 3034 1117 3092 vitam

91 3136 169 3183 teretur
191 3126 338 3190 errrerrdes.
360 3146 396 3185 ue
417 3144 482 3203 pist
504 3128 578 3187 lreure
600 3128 690 3185 viteuu
711 3126 831 3183 siruileur
851 3139 973 3197 paenam
992 3121 1117 3194 recipias

93 3214 159 3271 ibet
181 3228 278 3271 :tillem
300 3216 375 3273 idern
400 3216 569 3291 lierroipbus
590 3214 723 3273 steenlos
743 3214 866 3271 vroruine.
886 3227 943 3267 non
964 3225 1003 3265 re.
1043 3206 1117 3267 Nam

91 3316 181 3373 insipie
195 3300 232 3359 ud
245 3302 313 3361 illud
336 3318 448 3377 ternpus
459 3306 520 3359 siue
533 3304 630 3361 enline
653 3302 822 3378 presbyterii
835 3298 1036 3359 celebraverat.
1063 3294 1117 3370 Qui

113 3454 139 3503 ll
158 3470 286 3503 ruvriurue
304 3472 343 3505 eru
362 3456 389 3507 1“.
460 3458 492 3509 'el
511 3458 625 3507 rien-ie
652 3474 692 3507 eru
710 3454 758 3507 BF.
780 3486 784 3491 ·
830 3453 860 3505 'dl
879 3445 1051 3516 aliquando
1068 3443 1117 3496 add

161 3524 215 3577 lis„
243 3541 299 3577 111111
317 3528 336 3577 l*
363 3526 535 3577 herrestein
563 3546 671 3579 irrrrrn.
693 3556 721 3565 --
752 3526 782 3578 il
808 3524 827 3575 B
854 3522 890 3571 de
916 3517 1117 3570 coniriliffllfl

159 3594 268 3643 cordis
295 3608 325 3645 el
352 3598 569 3649 durtl'r'ssidtle.
642 3600 673 3649 [il
692 3600 721 3647 iil
740 3612 779 3647 din
799 3595 827 3645 D.
848 3623 876 3631 —
897 3591 929 3657 d)
947 3589 985 3641 ΒΡ
1003 3585 1065 3638 illd.
1085 3615 1117 3625 -

164 3668 190 3709 il
209 3666 269 3715 tien.
296 3670 315 3721 i,
337 3670 373 3717 ti.
445 3672 476 3719 si
496 3670 535 3723 Be
554 3672 691 3731 triuiutu
718 3666 795 3717 dies
816 3694 846 3704 -
870 3660 939 3728 illl*
963 3659 1065 3710 liceat.
1086 3685 1116 3695 -

164 3734 208 3783 llll
227 3736 268 3791 (Ι,
286 3750 396 3805 eoepit
416 3756 498 3790 ene.
523 3772 526 3777 -
582 3740 626 3791 il]
645 3740 664 3795 C
683 3738 1003 3805 appropinquantem.
1021 3757 1051 3767 -
1070 3725 1117 3793 12]

159 3804 178 3859 l*
198 3820 336 3873 propter.
