2438 4170
403 249 457 311 Du
480 248 764 311 OONVERSIONE.
1056 253 1096 310 27

45 377 111 437 isto
142 373 200 433 mit
229 372 412 434 convertendi
442 374 595 449 voluntas,
631 375 692 433 sive
722 373 914 432 conversionis
942 357 1098 432 habilitas?

46 462 134 522 Ecce
160 461 295 522 Andreas
315 463 378 536 iste,
399 468 538 537 quanmm
557 463 669 537 inipso
690 461 751 535 fuit,
772 479 791 520 a
811 463 905 536 gratia
927 477 958 519 se
980 462 1098 535 evertit,

46 549 107 608 sed
146 551 242 607 virtus
271 550 405 607 orationis
437 555 600 607 sanctorum
629 565 763 607 aversum
791 553 923 623 potenter
952 549 1099 605 convertit.

46 626 268 696 NOVICIUS:
299 634 375 715 Mira
395 642 462 694 sunt
482 636 554 694 haec
576 642 605 694 et
626 635 782 710 stupenda,
815 640 844 694 et
872 640 905 693 ut
936 633 1099 708 considero,

46 725 206 783 iustorum
226 724 317 782 oratio
338 725 492 798 praecipue
512 723 710 798 peccatoribus
733 717 804 803 est¹)
826 720 996 797 appetenda.

426 865 664 972 ¹ominosum
683 912 756 970 xx.

87 1035 144 1094 Dc
168 1037 355 1092 conversione
377 1034 539 1106 cniusdam,
562 1037 614 1110 qui
636 1035 722 1093 alteri
743 1041 812 1092 onte
834 1036 940 1092 ostium
957 1041 1066 1109 portae

301 1128 385 1180 nocte
407 1125 550 1196 apparuit
570 1125 602 1179 tn
623 1125 713 1196 specte
734 1121 867 1196 infantis.

125 1257 366 1319 MONACHUS:
388 1260 422 1318 In
444 1259 529 1318 domo
550 1266 648 1319 nostra
670 1259 786 1335 quidam
807 1259 964 1318 monachus
979 1265 1031 1334 est,
1053 1261 1102 1335 qui

48 1345 96 1406 ad
119 1345 256 1405 ordinem
277 1349 408 1421 veniens,
436 1364 604 1423 germanum
636 1365 720 1406 sumn
742 1365 827 1422 quem
848 1349 964 1405 unicum
986 1346 1102 1422 habuit,
1132 1410 1136 1421 ,

50 1432 166 1494 adhuc
189 1435 364 1493 conversioni
385 1441 501 1509 propter
521 1441 644 1493 aetatem
666 1437 759 1492 minus
781 1434 916 1508 habilem,
937 1436 966 1491 in
984 1434 1101 1493 saeculo

49 1520 189 1595 reliquit
220 1518 347 1588 ‚Timens
368 1537 435 1579 eum
466 1521 573 1579 saeculi
600 1521 807 1596 impedimentis
835 1523 950 1594 irretiri,
982 1523 1100 1596 eiusque

49 1625 113 1685 per
136 1606 196 1665 hoc
218 1610 433 1665 conversionem
459 1607 601 1682 impediri,
632 1608 757 1683 quotidie
778 1608 937 1665 Dominum
965 1606 1101 1687 oravit2),

51 1696 193 1754 maxime
213 1698 309 1752 tamen
331 1696 447 1753 beatam
469 1697 528 1753 eius
550 1697 722 1770 genitricem,
744 1700 776 1752 ut
796 1694 870 1752 illius
892 1697 950 1753 suis
967 1696 1100 1769 precibus

52 1779 229 1841 accelerare
252 1774 413 1856 dignaretur
435 1784 656 1855 conversionem,
678 1784 758 1839 corius
779 1783 808 1838 in
830 1781 944 1840 saeculo
957 1781 1102 1855 pericrdo-

54 1885 128 1928 sam
154 1863 244 1946 esse³)
267 1870 456 1928 consideravit
476 1867 695 1926 habitationem:
728 1874 849 1927 noverat
875 1885 980 1942 pueros
1007 1886 1026 1926 a
1047 1885 1100 1928 suo

55 1955 216 2032 proposito
237 1953 318 2012 facile
339 1972 423 2029 posse
445 1958 543 2013 averti.
585 1954 745 2013 Attcndens
771 1958 835 2030 pius
857 1955 999 2014 Dominus
1020 1959 1100 2030 pium

56 2040 204 2100 monachi
225 2043 300 2099 circa
320 2058 488 2118 germanum
509 2042 651 2116 studium,
674 2042 752 2100 cordi
772 2041 897 2101 Abbatis
918 2045 1045 2116 immisit,
1068 2049 1101 2100 ut
1198 2030 1210 2041 ’

57 2145 192 2205 puerum
213 2130 386 2203 susciperet,
400 2129 494 2204 'quem
515 2129 586 2187 infra
608 2146 698 2188 annos
720 2132 780 2188 sine
803 2129 887 2188 officii
908 2133 951 2188 sui
972 2128 1116 2205 periculo,

58 2216 215 2288 suscipere
235 2232 292 2297 non
313 2217 414 2290 potuit.
456 2215 500 2273 Ea
520 2223 604 2274 noete
626 2233 683 2291 qua
704 2217 834 2274 habitum
854 2215 961 2292 induit,
984 2217 1101 2291 quidam

59 2319 102 2362 ex
125 2301 322 2360 sacerdotibus
343 2302 506 2360 huiusmodi
526 2304 664 2361 visionem
691 2303 726 2361 de
747 2297 826 2382 idol)
849 2304 927 2362 vidit.
969 2305 1100 2362 Videba-

59 2397 115 2448 tur
139 2389 167 2446 ei
187 2388 263 2462 quod
284 2394 415 2448 matrona
435 2388 625 2463 pulcherrima
645 2389 711 2448 aute
734 2393 839 2448 ostium
859 2393 1024 2449 monasterii
1038 2398 1101 2449 sta·

61 2480 121 2549 ret,
147 2479 175 2532 et
194 2492 314 2550 puerum
335 2473 486 2551 pulchrum
505 2478 534 2533 in
557 2475 679 2534 brachiis
702 2484 819 2536 teneret.
847 2476 876 2535 Α
893 2489 955 2552 'quo
977 2480 1101 2536 interro·-

61 2567 152 2639 gata,
172 2564 250 2620 cuius
273 2568 349 2621 esset
361 2559 380 2642 ⁵)
402 2579 474 2639 puer
494 2562 550 2636 ille,
571 2564 731 2638 respondit:
762 2564 851 2622 Filius
871 2563 946 2622 illius
967 2564 1102 2623 monachi

66 2655 126 2721 cst,
150 2646 270 2707 fratrem
284 2652 345 2708 eius
367 2649 482 2709 nomine
504 2650 665 2726 designans,
688 2650 771 2709 simul
793 2647 850 2728 ets)
872 2668 977 2709 nomen
998 2653 1103 2710 novicii

63 2737 201 2793 intrantis
223 2738 391 2811 exprimens.
433 2737 472 2794 Et
493 2739 647 2811 sicutipse
669 2736 823 2812 intellexit,
847 2740 895 2812 qui
916 2736 990 2796 hanc
1012 2739 1101 2796 visio·

66 2837 142 2879 nem
162 2821 243 2897 vidit,
270 2825 334 2898 ipsa
354 2829 486 2894 matrona
506 2824 697 2898 pulcherrima
718 2825 803 2882 beata
824 2825 881 2882 Dei
902 2826 1022 2900 genitrix
1042 2825 1105 2883 fuit.-

67 2906 237 2966 Sccundum
256 2904 445 2984 Apostolum:
467 2910 524 2986 Qui
545 2911 632 2968 alium
652 2912 741 2969 verbo
764 2911 810 2969 vel
833 2912 962 2986 exemplo
977 2911 1014 2969 ad
1028 2912 1104 2971 bene
1139 2975 1142 2980 ,

69 2995 229 3053 vivendum
248 2995 394 3071 informat,
420 2996 497 3056 hunc
523 2998 649 3072 profecto
678 3004 816 3072 tanquam
843 3002 987 3073 proprium
1015 2998 1104 3056 filium

71 3080 189 3140 christo
209 3089 326 3158 generat
335 3080 364 3162 ⁷).
407 3083 492 3159 Quod
514 3090 610 3142 autem
632 3085 755 3143 eundem
775 3087 919 3143 novicium
936 3085 1106 3144 venerabilis

70 3169 158 3243 virgo
167 3167 259 3227 Maria
279 3169 317 3228 ad
339 3171 443 3228 ostium
464 3173 635 3245 monasterii,
657 3175 740 3246 quasi
761 3179 852 3230 mater
869 3171 966 3246 filium,
990 3171 1107 3248 dignata

72 3250 150 3332 θεῖ’)
171 3262 361 3330 praesentare,
384 3257 461 3315 dedit
481 3264 612 3333 patenter
632 3258 795 3335 intelligere,
818 3261 878 3317 eius
890 3262 1107 3318 conversionem

71 3341 252 3418 praedictum
273 3342 446 3401 monachum
468 3347 525 3403 suis
548 3346 722 3404 orationibus
744 3363 796 3420 per
818 3348 878 3404 eius
910 3363 1016 3423 magna
1044 3363 1107 3404 me-

72 3431 131 3488 rita
153 3429 316 3489 obtinuisse.
358 3427 561 3490 NOVICIUS:
589 3431 664 3490 Satis
687 3449 722 3491 ex
743 3432 787 3492 his
810 3449 951 3508 cognosco
975 3434 1109 3490 virtutem

91 3615 127 3683 1)
144 3613 165 3667 G
183 3623 230 3666 est
247 3614 571 3683 peccatoribus-2)
590 3617 787 3669 Gllominum
804 3628 948 3670 nostrum
966 3619 1110 3686 rogavit.

148 3713 179 3722 -
199 3685 230 3752 3]
247 3701 322 3737 csse
341 3702 382 3737 om
400 3685 471 3738 G.-
490 3687 522 3753 4)
541 3686 579 3737 de
597 3687 654 3739 illo
673 3704 713 3740 om
732 3688 801 3740 0.-
822 3690 852 3756 5]
867 3689 887 3741 G
904 3687 954 3739 add
972 3688 1111 3739 lilius.-

146 3753 417 3824 GJDPsimulque.
436 3785 466 3797 —-
495 3758 527 3824 7)
545 3756 601 3809 Cor.
620 3757 646 3819 l,
672 3759 704 3820 4,
733 3759 773 3809 15.
797 3759 899 3810 Philem.
920 3758 961 3810 to.
990 3787 1020 3797 —
1044 3755 1118 3823 QG

146 3821 280 3892 dignata
307 3833 355 3876 est
382 3827 472 3894 quasi
498 3835 601 3880 muter
627 3827 742 3882 lilium.
