2438 4170
434 230 490 295 nn
512 229 788 295 cousnssrouu.
1003 183 1005 187 Α
1069 233 1129 294 rsa

72 418 76 424 ,
134 356 263 433 suumne,
300 371 471 432 quocunque
498 357 636 432 perrexit,
670 372 784 431 semper
811 364 877 414 oum
903 352 1008 415 damno
1040 354 1131 415 rediit.

99 482 102 487 -
133 440 245 519 iutupue
266 448 312 503 est
332 445 367 518 ei,
386 442 453 502 licet
472 459 531 502 non
551 442 721 518 adverteret,
741 443 905 501 monasterii
924 443 1046 517 pecunia
1062 448 1129 501 tan·

71 525 81 580 L
134 543 196 603 quam
211 531 296 607 ignis,
329 535 358 589 et
385 530 545 598 substantia
571 531 685 606 propria
714 532 796 605 quasi
821 527 926 604 stipula
936 525 962 608 ¹).
1004 529 1130 589 Etcum

134 619 226 675 osuin
244 616 465 676 mercationibus
487 618 555 676 satis
576 634 697 692 gnarus,
719 622 806 692 atque
828 617 1057 691 circumspectior
1079 632 1130 675 ce·

71 713 73 721 ·
96 756 100 765 ,
132 703 179 761 br'a
194 705 245 763 suis
266 703 421 778 sodalibus,
441 703 553 763 illorum
573 705 791 778 prosperitatem
800 719 940 777 suumque
952 700 1131 778 dispendium

71 828 73 837 ·
130 788 201 848 miron
226 807 284 849 non
316 790 482 850 sufficiebat.
537 789 711 865 Compassus
741 792 801 849 eius
829 789 985 849 infelicitati
1011 789 1129 866 Abbas,

131 887 178 933 oum
200 893 307 952 semper
336 880 363 937 ei
391 877 485 951 daret,
517 882 546 935 et
572 875 620 936 ilie
648 893 706 935 uon
734 876 899 952 proficeret,
930 879 988 935 imo
1017 893 1131 952 semper

128 959 198 1021 uuus
215 963 340 1038 haberet,
361 963 477 1023 tandem
498 963 536 1022 ad
556 969 755 1038 paupertatem
777 962 911 1022 devenit.¹
942 962 996 1021 Cui
1010 961 1127 1022 Abbas:

130 1043 186 1120 buu
208 1056 248 1110 est
283 1050 361 1125 quod
395 1053 472 1127 agie,
498 1051 583 1109 frater
597 1047 641 1130 ²)'t
693 1049 787 1125 Quare
820 1055 880 1108 tam
900 1049 995 1108 uiliter
1023 1066 1130 1108 consu·

127 1133 167 1191 uis
183 1137 361 1196 substantiam
381 1143 462 1195 tuam
489 1136 527 1196 ad
556 1137 749 1196 confusionem
780 1142 860 1195 tuam
892 1141 977 1210 atque
1009 1134 1129 1214 meam?

127 1213 257 1297 Respondit
275 1223 337 1283 ille:
357 1223 452 1283 Valde
472 1240 558 1299 parce
578 1225 655 1298 vivo,
676 1228 833 1282 mercatum
852 1240 948 1282 meum
971 1220 1129 1298 diligentis·

127 1303 181 1366 time
199 1310 329 1385 custodio,
351 1315 379 1370 et
400 1309 468 1386 quid
484 1296 527 1369 'sit
547 1308 624 1385 quod
646 1312 721 1369 circa
741 1327 788 1368 me
800 1312 901 1386 agitur,
922 1311 1129 1386 penitusigno·

127 1402 157 1448 το.
191 1395 312 1456 Tandem
332 1399 363 1454 in
384 1413 415 1456 se
436 1413 580 1471 reversus,
607 1399 686 1456 venit
706 1395 744 1455 ad
765 1396 957 1471 sacerdotem,
987 1397 1013 1455 ei
1035 1398 1131 1457 omnia

92 1548 97 1557 Ι
127 1476 186 1539 droa
203 1500 229 1544 se
249 1489 330 1561 gesta
351 1485 480 1558 aperiens
500 1499 552 1558 per
574 1484 789 1542 confessionem.
822 1483 875 1542 Cui
897 1484 966 1542 dixit
978 1483 1129 1542 sacerdos:
1170 1549 1174 1557 ,

126 1555 195 1626 Utere
211 1571 329 1631 consiliis
350 1572 436 1645 meis,
468 1576 497 1629 et
525 1571 581 1629 cito
609 1569 699 1630 dives·
722 1572 785 1628 eris.
827 1570 954 1629 Pecunia
974 1569 1067 1628 fratris
1088 1571 1131 1628 tui

124 1642 208 1714 intem
226 1663 280 1732 est,
313 1663 342 1716 et
372 1659 436 1732 ipsa
456 1656 645 1716 substantiam
666 1662 746 1714 tuam
768 1656 924 1715 devoravit.
966 1654 1013 1715 De
1035 1662 1130 1715 cetero

71 1794 73 1803 .
123 1732 180 1796 1¹1¹!ss
194 1745 306 1820 recipias
327 1743 364 1802 ab
388 1760 439 1818 eo,
471 1749 500 1803 et
527 1742 562 1802 dc
593 1742 723 1816 modico,
756 1741 834 1817 quod
862 1741 956 1800 adhuc
985 1748 1130 1817 superest,

71 1902 73 1907 Ι
121 1828 252 1905 itgobare,
272 1830 439 1906 videbisque
460 1847 577 1888 manum
586 1829 704 1889 Domini
715 1829 822 1888 bonam
835 1846 921 1904 super
936 1835 964 1887 te
976 1825 1007 1907 ³).
1040 1827 1130 1903 Quic-

121 1906 284 1977 tutantem
305 1917 430 1976 lucratus
449 1917 553 1991 tueris,
581 1916 764 1975 medietatem
784 1915 862 1975 fratri
882 1921 932 1974 tuo
954 1913 1071 1991 reddes,
1094 1914 1130 1975 de

79 2072 85 2081 Ι
117 1988 210 2087 ‘filique
230 2009 261 2063 tu
281 2005 377 2078 vives,
409 2008 439 2062 et
457 2002 514 2062 hoc
535 2003 644 2063 tamdiu
665 2005 767 2078 facies,
790 2002 881 2062 donec
903 2018 1016 2061 ornnem
1037 2019 1129 2078 pecu-

113 2084 432 2160 ⁰¹⁸111<m0nasteriitibi
453 2088 551 2149 datam
571 2088 612 2147 illi
632 2092 772 2149 restituas.
804 2089 878 2148 Mira
897 2089 1046 2148 clementia
1064 2089 1129 2149 Dei.

112 2151 244 2239 0beduns
263 2177 351 2236 homo
374 2176 541 2236 confessoris
562 2178 607 2237 sui
628 2176 753 2251 consilio,
773 2178 804 2234 in
824 2178 905 2235 brevi
926 2176 999 2235 adeo
1022 2176 1129 2236 ditatu

107 2250 160 2322 Μ,
189 2269 223 2322 ut
250 2270 278 2324 et
304 2266 366 2339 ipse
392 2262 552 2322 abundaret
581 2269 609 2322 et
629 2263 707 2323 fratri
727 2269 843 2338 recepta
863 2264 1031 2322 restitueret.
1076 2262 1130 2321 Cui

102 2337 164 2426 ΨΜ
184 2347 287 2410 Abbas
309 2350 426 2409 diceret:
455 2349 539 2409 Unde
560 2350 612 2408 tibi
632 2352 704 2410 istae
727 2350 850 2424 divitiae,
870 2349 976 2409 irater?
1008 2366 1129 2424 respou-

98 2404 152 2477 d¹²³
175 2431 322 2512 Quamdiu
342 2437 531 2496 substantiam
550 2436 667 2495 fratrum
684 2443 798 2496 tuorum
807 2438 910 2511 recepi,
932 2453 1044 2510 semper
1053 2453 1129 2511 pau·

91 2505 144 2566 Ρθῑ
166 2527 202 2581 et
219 2526 304 2584 miser
323 2523 379 2598 iui,
408 2528 437 2583 et
459 2529 492 2581 tu
513 2526 637 2600 graviter
657 2525 799 2599 peccasti,
830 2540 888 2582 uon
909 2528 960 2581 tua
980 2522 1050 2580 mihi
1070 2522 1129 2581 lar-

86 2581 216 2684 glen(lo,
247 2627 300 2688 ego
328 2626 397 2671 nero
427 2610 519 2669 adana
540 2610 711 2685 recipiendo.
753 2609 798 2667 Ex
820 2627 877 2685 quo
900 2604 1004 2687 enim⁴)
1027 2608 1063 2667 do
1083 2609 1129 2668 his

82 2675 239 2771 poellitui,
267 2703 296 2757 et
315 2697 421 2756 furtum
442 2696 592 2771 abhorrui,
621 2695 806 2756 benedicente
827 2696 953 2755 Domino
976 2692 1128 2754 abundavi.

78 2742 170 2832 3⁰⁰⁸
197 2790 332 2858 quantum
353 2783 450 2843 valeat
470 2783 619 2842 consilium
639 2783 748 2842 bonum
768 2785 798 2840 in
814 2783 999 2842 confessione.
1031 2780 1129 2841 Simile

75 2834 206 2928 ali‘lilid
224 2870 326 2947 iegitur
346 2872 376 2929 in
396 2871 602 2946 Vitaspatrum.
644 2870 749 2929 Dicam
769 2870 821 2928 tibi
842 2869 937 2928 adhuc
959 2867 1129 2943 exemplum,

73 2930 175 3045 ‘¹¹¹⁰fi
197 2956 264 3015 mihi
283 2956 379 3017 rendit
398 2957 581 3017 Hermannus
601 2956 738 3017 Decanus
759 2956 928 3032 Bonnensis,
949 2972 1079 3016 asserens
1096 2971 1129 3014 se

71 3017 212 3103 a”illuso
233 3061 252 3104 a
270 3043 419 3105 sacerdote
441 3046 487 3104 cui
509 3045 634 3120 contigit.

396 3233 628 3295 CAPITULUM
648 3232 812 3293 XXXVII.

71 3291 133 3373 De
163 3336 278 3398 drabe
292 3338 509 3398 mammons
530 3341 563 3397 ia
586 3337 721 3411 Colonia,
750 3336 856 3419 quibua
885 3340 917 3396 ia
949 3336 1128 3413 confessicae

116 3421 296 3486 consutam
319 3422 368 3499 eat,
390 3429 583 3485 attererent
606 3431 633 3483 et
654 3427 857 3496 mentirentur,
880 3431 908 3483 et
927 3423 1003 3500 facti
1023 3431 1094 3484 suot
1168 3448 1174 3459 ·

550 3513 677 3571 ditiores.

159 3611 226 3675 Duo
248 3617 326 3676 cives
348 3615 531 3676 colonienses
552 3618 625 3675 inter
654 3622 748 3675 cetera
780 3633 834 3675 sua
864 3621 985 3691 peccata
1007 3613 1128 3674 confessi

94 3701 141 3780 ¹)
164 3728 219 3783 rur.
235 3732 278 3797 u,
296 3732 338 3784 rr.
358 3760 388 3772 -
408 3732 440 3800 2)
456 3731 521 3784 nor
538 3731 656 3795 frater,
674 3731 757 3800 quoa
776 3732 853 3799 agn.
872 3760 904 3771 -
923 3732 955 3801 a)
973 3728 1046 3784 usur.
1064 3728 1083 3793 r,
1102 3731 1127 3792 a,

166 3799 191 3852 9.
223 3800 287 3855 ADP
304 3817 403 3869 super
425 3811 457 3855 te
475 3801 596 3855 bonam.
617 3831 646 3842 -
666 3803 698 3871 4)
717 3801 736 3855 0
753 3811 868 3854 autem.
