2460 4162
116 238 198 297 aaa!
428 234 656 300 nanneno
678 234 843 315 quanm

120 360 251 419 versariis
272 360 392 434 nuncio,
413 362 454 419 ait
473 361 541 420 illis:
574 361 649 419 Boni
671 359 817 434 homines,
837 358 915 418 bone
934 361 1033 418 vestra
1055 365 1157 420 vestra

35 501 38 511 ,
118 447 195 521 sint,
222 462 275 522 ego
298 462 316 504 a
338 445 383 505 dic
411 446 550 506 hodierna
576 463 634 506 non
661 453 789 522 repetam
808 445 867 504 illa
910 443 1056 521 Quicum
1077 462 1156 523 gan-
1222 460 1226 467 ·

120 531 166 591 dio
187 531 360 607 recedentes,
381 535 422 591 ita
442 536 470 591 in
486 532 609 593 Abbatis
630 533 809 609 simplicitate
831 537 860 591 et
878 533 987 591 iustitia
1009 530 1155 597 aedificati

118 625 200 694 srmt,
228 625 261 678 ut
288 622 450 694 compuncti
479 623 557 680 ocius
578 619 716 694 redirent,
748 625 778 679 et
797 619 875 678 hona
898 635 952 694 pro
975 619 1082 695 quibus
1104 619 1154 678 diu

113 704 330 779 contenderant,
352 713 434 782 grato
456 710 551 766 animo
573 708 745 765 monasterio
766 705 854 765 libere
868 706 1035 773 conferrent
1070 704 1155 782 Quae

120 808 185 850 cum
206 809 265 850 non
287 795 458 852 consentiret
479 792 582 852 Abbas
603 795 744 868 recipere,
764 791 989 868 responderunt:
1016 791 1155 868 Domine,

121 878 255 954 quicquid
276 875 387 958 nostri¹)
415 882 484 938 iuris
505 880 557 938 fuit
578 882 607 938 in
628 880 672 938 his
693 881 785 953 bonis,
806 880 989 954 remittimus3
1011 878 1092 953 quod
1113 879 1153 939 ad

118 981 170 1024 nos
191 967 359 1041 pertinebat,
378 965 444 1025 Deo
465 969 495 1024 in
509 966 721 1042 eleemosynam
740 966 892 1024 offerimus.
922 965 1006 1024 Tunc
1024 964 1153 1041 prlmmr'r

119 1049 222 1111 Abbas
243 1054 387 1127 acquievit
406 1070 460 1111 sua
480 1056 619 1130 recipere,
648 1055 740 1128 magis
767 1052 922 1112 claustrum
942 1070 1025 1111 suum
1047 1052 1155 1112 aediti-

121 1155 189 1197 cans
211 1156 264 1197 sua
285 1139 405 1214 simplici
424 1141 539 1214 iustitia,
561 1157 647 1214 qnam
660 1139 820 1199 cellerarius
840 1156 894 1198 sua
914 1145 1009 1199 astuta
1020 1141 1154 1199 avarih‘a.

119 1224 216 1285 Simile
244 1243 318 1300 pene
346 1226 444 1286 audies
475 1225 510 1286 de
532 1226 645 1285 domino
667 1226 754 1285 Petro
776 1225 892 1285 Abbate
913 1225 1102 1286 claraevallis
1121 1228 1153 1285 in

119 1310 297 1371 disthrctione
319 1319 400 1371 sexta
429 1312 551 1387 capitulo
581 1312 740 1372 undecimo.
782 1313 845 1371 Viri
864 1314 932 1370 iusti
951 1311 1076 1372 multum
1098 1312 1154 1372 de-

118 1404 258 1457 testantur
278 1401 435 1474 avaritiam,
457 1401 530 1458 sicut
551 1399 650 1458 audies
670 1402 700 1457 in
721 1401 852 1474 sequenti
873 1399 1005 1475 capitulo.

368 1613 370 1617 ·
437 1543 670 1648 ommutuit
690 1585 827 1668 unna)

161 1711 208 1769 De
235 1709 333 1769 Ulrico
354 1711 530 1786 Praeposito
551 1710 768 1783 Stetuveldeaai,
790 1717 818 1770 et
839 1726 977 1769 conuerso
999 1727 1108 1784 avaro,

518 1815 605 1872 quem
627 1801 746 1856 amovit.

104 1930 107 1939 '
182 1934 270 2009 Apud
291 1938 493 1994 monasterium
523 1938 614 1995 sancti
635 1929 795 2014 Crisantii²)
817 1923 1010 1994 Scholasticus
1031 1933 1154 2010 quidam

120 2021 281 2080 demoratus
294 2017 382 2100 suits),
400 2024 443 2080 vir
456 2039 578 2098 magnae
593 2022 759 2097 prudentiae
770 2022 856 2097 atque
867 2023 1011 2095 scientiae,
1031 2023 1153 2082 natione

119 2106 254 2181 Gallicus,
275 2111 388 2166 nomine
409 2107 530 2168 Ulricus.
575 2108 627 2167 Cui
649 2127 715 2168 oum
735 2108 862 2167 redditus
884 2107 1070 2167 scholastriae
1092 2125 1154 2167 non

118 2193 293 2268 sufficereut,
321 2181 439 2253 necesse
469 2201 529 2253 erat
556 2202 588 2253 ut
617 2194 720 2254 debitis
742 2195 922 2271 obligaretur.
965 2192 1092 2271 Quidam
1114 2211 1152 2254 ex

116 2281 247 2339 iratribus
269 2280 491 2340 steinveldensis
519 2283 681 2340 monasterii
711 2282 816 2341 ordinis
843 2281 1152 2355 Praemonstrateusis,

120 2384 154 2427 eo
177 2366 253 2442 quod
281 2369 373 2425 virum
403 2385 525 2444 magnae
547 2368 708 2427 literaturae
728 2364 840 2447 illuma)
871 2370 1062 2442 conspiceret,
1090 2367 1152 2428 sre-

119 2457 251 2529 quentius
271 2456 393 2527 monuit,
422 2461 454 2511 ut
481 2454 519 2513 ad
548 2454 664 2512 domum
693 2472 775 2514 suam
802 2457 893 2531 gratia
922 2455 1115 2514 conversionis
1127 2452 1151 2535 ⁸)

120 2558 151 2600 sc
173 2540 344 2600 hanstenet.
386 2540 514 2599 Tandem
535 2541 582 2599 ille
596 2541 729 2600 divinitus
741 2544 903 2616 inspiratus,
923 2544 953 2599 in
968 2540 1041 2599 haec
1056 2542 1150 2601 verba

118 2628 276 2704 respondit:
318 2627 475 2687 Pecuniam
496 2627 701 2703 aliquantulam
729 2627 834 2701 debeo,
866 2628 967 2687 solvite
994 2627 1150 2703 illem,-et

117 2731 170 2792 ego
203 2717 317 2774 veniam
349 2714 386 2774 ad
418 2732 478 2774 vos.
530 2714 614 2790 Quod
648 2732 713 2773 cum
745 2715 928 2774 intellexisset
959 2715 1149 2789 Praepositae

116 2802 252 2876 praedicti
273 2804 443 2877 monasterii,
463 2803 613 2876 pecuniam
634 2801 818 2860 libentissime
833 2801 925 2875 solvit,
947 2807 976 2860 et
986 2800 1149 2861 Scholasti-

116 2905 165 2945 cus
187 2890 282 2948 statim
311 2888 439 2947 habitum
461 2890 594 2963 suscepit.
637 2887 693 2963 Qui
720 2904 778 2945 non
804 2888 894 2946 multo
921 2893 987 2963 post
1016 2887 1148 2948 eiusdem

116 2975 245 3033 coenobii
276 2975 368 3033 iactus
398 2981 440 3033 est
472 2975 663 3050 Praepositus.
711 2974 846 3033 Nondum
878 2977 954 3033 enim
984 2976 1013 3031 in
1045 2974 1148 3035 ordino

114 3059 388 3119 praemonstratensi
410 3067 491 3120 erant
506 3060 645 3120 Abbates.
688 3059 786 3120 Sciens
808 3061 854 3120 ille
877 3078 941 3120 oum
963 3060 1057 3120 officio
1080 3063 1147 3121 ani·

113 3164 175 3205 mas
203 3164 234 3206 se
262 3147 401 3223 regendas
429 3150 602 3222 suscepisse,
634 3164 692 3205 non
712 3165 833 3223 pecora,
865 3147 912 3207 vel
933 3150 1147 3223 possessiones,

113 3251 229 3309 oporam
251 3232 339 3292 dabat
360 3233 547 3308 exstirpandis
568 3236 658 3308 vitiis,
687 3251 744 3292 non
772 3237 900 3311 pecuniis
923 3234 1146 3311 congregandis,

130 3452 371 3521 othivensi.
391 3482 422 3493 -
450 3454 482 3521 ἰ)
500 3453 590 3504 Hcmll.
612 3453 652 3504 lll.
671 3469 696 3520 p.
715 3454 757 3506 34.
776 3484 809 3493 -
836 3454 868 3522 2)
886 3453 971 3505 Sancti
988 3451 1145 3519 chrysanthi

179 3521 327 3574 coenobium
347 3523 393 3573 luit
411 3523 554 3573 ldonasterli
573 3525 597 3573 in
615 3523 695 3574 llillla.
715 3552 745 3562 —-
771 3522 841 3589 tull
865 3522 991 3590 quidam
1014 3523 1092 3586 luit,
1115 3533 1145 3574 ut

178 3593 242 3644 inira
265 3592 321 3655 Vll,
344 3592 391 3643 31:
416 3591 497 3658 „apud
522 3595 698 3643 monasterium
728 3595 807 3643 sancti
831 3592 948 3645 Crisantii
973 3591 1144 3644 Scholasticua

179 3661 276 3729 quidem
301 3661 359 3724 luit,
385 3664 486 3711 nomine
504 3661 616 3713 Daniel.“
654 3661 737 3713 Ceteri
762 3661 819 3712 lihri
846 3677 933 3713 omues
959 3661 1043 3713 ferunt
1073 3663 1145 3731 qui-

178 3732 245 3783 dem
264 3740 400 3783 vocatus
418 3731 529 3786 luit.-
546 3730 629 3798 4)Βῦ
647 3746 728 3792 eum;
746 3730 821 3797 paulo
839 3731 969 3800 postADP
987 3731 1145 3803 frequen·

178 3810 231 3859 ter.
253 3832 282 3842 -
303 3802 335 3869 5)
353 3800 393 3855 Bc
411 3803 639 3854 conversionis
665 3802 781 3867 gretia.
