2460 4162
407 218 463 301 nn
486 219 763 283 conrsssronn.
1043 219 1103 283 ror

402 370 634 440 CAPITULUM
654 378 768 438 XLIX.
1019 294 1032 339 ¹

94 501 174 562 leem
189 490 231 560 'dc
251 498 382 575 Addaia,
411 505 463 577 qai
484 519 552 560 cum
573 502 805 561 monachiscum
826 503 859 559 in
879 516 950 560 vose
971 517 1007 560 en
1027 503 1077 561 io-

156 587 275 649 duatra'o
296 604 400 648 cornea
422 588 582 662 comedens,
604 588 718 647 cosdem
741 588 783 646 od
803 587 1013 664 confessionne

387 692 442 735 cuo
460 678 637 751 provocavit
659 676 798 751 aucupto.

132 809 237 870 Abbas
267 810 383 886 quidam
410 815 484 889 nigri
511 811 631 888 ordinis,
659 814 704 872 vir
731 813 825 872 bonus
847 818 876 872 et
898 811 1107 888 disciplinatus,

64 896 227 957 monachos
240 896 368 957 habebat
386 901 456 958 sats
477 899 621 959 mirabiles
642 916 677 959 ac
700 899 862 959 dissolutos.
904 899 960 959 Dic
983 899 1108 975 quadam

65 983 189 1061 quidam
210 1000 246 1043 ex
264 986 305 1044 eia
326 993 569 1062 praeparaverant
581 983 598 1066 ¹)
621 987 674 1046 sibi
697 987 801 1046 diversi
821 989 932 1063 generis
955 1002 1055 1045 carnes
1077 991 1107 1044 et

66 1073 139 1131 vina
152 1069 283 1129 debeata.
327 1071 518 1147 Quibuscum
532 1076 575 1132 uti
595 1089 654 1131 non
667 1073 804 1132 auderent
824 1076 855 1130 in
876 1073 973 1148 aliqua
994 1072 1108 1131 officina

66 1158 173 1219 timore
189 1155 322 1234 Abbatis,
345 1162 510 1236 congregati
531 1161 646 1218 suntin
667 1177 720 1219 vas
741 1162 881 1220 vinarium
902 1162 1057 1218 maximum
1079 1164 1109 1218 ct

67 1262 206 1320 vacuum,
228 1244 306 1320 quod
320 1245 407 1322 vulgo
421 1246 524 1306 dicitur
536 1253 626 1305 tunna
634 1242 664 1325 ²),
677 1247 744 1320 illuc
759 1247 916 1306 deserentes
929 1250 1108 1322 praeparata.

66 1330 191 1392 Dictum
212 1336 257 1390 cst
276 1330 394 1409 Abbati,
416 1334 494 1409 quod
515 1333 588 1392 tales
609 1334 743 1393 monachi
763 1337 792 1392 in
815 1351 883 1393 vasa
892 1329 913 1412 ³)
935 1332 986 1392 tali
1008 1333 1108 1392 convi-

67 1419 153 1479 vium
185 1416 370 1478 celebrarent
424 1420 481 1496 Qui
501 1422 599 1480 statim
632 1438 697 1480 cum
729 1437 833 1497 magno
865 1436 995 1479 moerore
1023 1419 1109 1478 animi
1183 1448 1188 1457 ·

68 1520 234 1579 accurrens,
255 1511 284 1565 ct
296 1506 501 1583 introspiciens,
524 1509 738 1567 convivantium
750 1507 887 1566 laetitiam
898 1524 951 1566 sua
971 1522 1109 1582 praesen-

68 1593 113 1653 tia
133 1593 315 1651 convertitin
328 1595 478 1652 tristitiam.
522 1593 601 1669 Quos
618 1611 683 1652 cum
704 1597 816 1653 territos
837 1595 986 1668 aspiceret,
1006 1595 1109 1651 iocun-

69 1676 193 1739 ditatem
214 1678 358 1755 simulans,
379 1681 494 1740 intravit
516 1680 554 1740 ad
574 1680 654 1756 illos,
677 1687 705 1740 et
726 1683 780 1738 ait:
801 1681 856 1739 Eia
876 1679 992 1753 fratres,
1013 1677 1110 1738 volui-

70 1767 125 1825 stis
146 1766 189 1824 sic
216 1766 278 1824 sine
299 1783 346 1824 me
367 1766 517 1827 comedere
539 1773 569 1827 ct
589 1765 708 1828 bibere?
730 1761 822 1847 nont
844 1766 900 1826 hoc
922 1766 1043 1824 arbitror
1063 1766 1110 1822 iu-

70 1858 160 1912 stum.
192 1849 305 1912 Credite
318 1853 396 1928 mihi,
418 1871 471 1930 ego
485 1855 637 1914 nobiscum
657 1854 814 1930 prandebo.
842 1852 985 1928 Lavitque
998 1867 1110 1926 manus,

70 1954 140 1998 cum
160 1937 215 1997 illis
229 1938 382 1998 comedens
400 1946 429 1999 et
448 1940 560 2015 bibens,
582 1941 712 2016 exemplo
734 1940 786 2000 tali
806 1942 917 2000 territos
939 1938 1110 1998 confortans

69 2024 130 2083 Die
143 2027 283 2100 sequenti,
303 2025 402 2085 Pn'ore
413 2033 510 2086 tamen
530 2031 718 2103 praemonito,
739 2034 768 2086 et
789 2027 858 2103 quid
878 2027 971 2086 facere
985 2024 1111 2084 ‘deberet

70 2112 227 2185 hamato,
259 2109 391 2192 Abbas⁶)
420 2114 568 2173 monachis
600 2114 654 2174 illis
689 2115 888 2190 praesentibus
915 2115 945 2171 in
978 2110 1111 2188 Capitulo

71 2212 173 2259 coram
199 2196 249 2257 illo
270 2215 405 2275 surgens,
434 2206 463 2259 et
484 2203 598 2259 veniam
618 2207 718 2276 petens
741 2218 806 2261 cum
827 2200 918 2259 multa
938 2199 1111 2273 humilitate,

71 2290 230 2345 tremorem
243 2282 451 2365 actimorem⁶)
473 2286 618 2361 simulans,
639 2287 852 2347 inhaecverba
866 2289 1009 2362 prorupit:
1033 2284 1112 2345 Con-

70 2370 159 2431 fiteor
178 2371 277 2447 vobis,
299 2370 413 2432 domine
434 2373 533 2448 Prior,
553 2374 743 2449 fratribusque
765 2376 836 2432 meis
857 2375 1012 2448 universis,
1034 2369 1113 2447 quod

70 2460 146 2519 vitio
174 2457 261 2535 gulae
286 2460 394 2534 victus,
423 2476 476 2536 ogo
505 2467 640 2535 peccator
668 2462 730 2520 heri
757 2463 787 2519 in
813 2462 953 2520 absconso
974 2459 1054 2533 loco,
1083 2463 1113 2517 et

71 2538 160 2621 quasi
185 2544 289 2604 furtive
311 2547 341 2603 in
363 2563 433 2604 vase
454 2548 578 2622 vinario,
608 2553 707 2607 contra
727 2552 913 2622 praeceptum
936 2551 964 2605 et
984 2543 1113 2622 regulam

52 2633 167 2709 ‚miris
187 2627 272 2711 meir)
294 2634 386 2691 sancti
399 2632 556 2708 Benedicti,
579 2650 677 2692 carues
695 2632 875 2692 manducavi.
917 2632 1021 2692 Statim
1040 2631 1113 2690 resi·

71 2718 157 2793 dens,
178 2734 291 2778 cumea
313 2720 451 2794 inciperet
470 2737 641 2796 praeparare
663 2720 701 2779 ad
723 2719 909 2794 disciplinam,
930 2719 1030 2777 Priore
1047 2712 1112 2796 ne⁸)

72 2802 135 2867 hoc
164 2804 247 2865 lieret
276 2805 459 2882 prohibente,
493 2807 652 2881 respondit:
689 2806 778 2866 Sinite
805 2812 838 2864 ut
865 2804 1014 2882 vapulem,
1046 2804 1115 2880 quia
1222 2848 1226 2853 .

71 2890 180 2953 melius
200 2897 247 2950 cst
267 2897 302 2949 ut
321 2891 400 2952 luam
420 2893 468 2952 hic
490 2911 576 2969 quarn
608 2899 637 2951 in
658 2893 760 2951 futtuo.
816 2892 871 2967 Qui
899 2909 965 2951 cum
994 2895 1114 2967 accepta

71 2976 242 3057 diruptus,
272 2994 327 3037 nec
355 2996 413 3038 non
440 2986 469 3039 et
499 2982 689 3056 poenitentia,
721 2996 852 3039 reversus
879 2978 980 3038 fuisset
1007 2980 1037 3036 in
1068 2977 1114 3036 lo·

72 3082 145 3127 cum
170 3081 271 3139 suum,
297 3065 435 3140 praedicti
456 3066 589 3126 monachi
609 3069 741 3126 timentes
761 3066 799 3124 ab
823 3082 857 3125 eo
878 3064 1062 3142 proclamari,
1090 3064 1115 3123 si

72 3148 301 3226 dissuuularent,
328 3152 403 3212 ultro
431 3159 595 3230 surgentes,
624 3153 747 3213 cundem
776 3152 899 3212 confessi
925 3157 992 3211 sunt
1014 3167 1115 3211 exces-

72 3252 153 3299 sum.
194 3236 306 3313 Quibus
326 3236 445 3314 Abbas,
474 3240 655 3300 amonacho
677 3241 716 3299 ad
737 3240 793 3299 hoc
814 3238 1028 3315 praeordinato,
1054 3237 1116 3296 dari

72 3324 162 3385 lussit
191 3323 283 3383 bonas
310 3342 347 3384 ac
373 3325 461 3386 fortes
484 3326 658 3403 disciplinas,
688 3326 784 3386 durius
804 3326 869 3385 illos
890 3327 1059 3401 corripiens,
1087 3328 1117 3384 et

94 3438 129 3509 1)
146 3439 171 3491 Λ
186 3448 400 3507 praeparant,
418 3440 439 3492 Ι)
457 3441 710 3509 praeparabant.
727 3471 757 3481 -
777 3443 809 3510 7)
827 3441 848 3493 B
866 3449 965 3492 tunna
982 3439 1116 3501 dicitnr,

148 3506 285 3562 Olonna
302 3508 434 3562 dicitur.
453 3541 483 3550 -
505 3512 537 3579 3)
555 3511 576 3562 Β
594 3513 625 3562 in
643 3511 794 3564 talilooo
813 3513 891 3563 etin
908 3526 1002 3574 vase,
1018 3507 1039 3560 0
1056 3507 1116 3560 tali

149 3578 182 3629 in
202 3577 277 3630 loco
300 3587 331 3629 ct
348 3595 436 3632 vase.
454 3610 487 3618 —
505 3582 539 3700 dp
555 3579 575 3633 G
593 3580 731 3645 iratres,
748 3580 832 3650 quod
850 3582 899 3632 sic
918 3581 988 3631 sine
1005 3593 1050 3630 mc
1068 3593 1117 3630 vo-

148 3644 262 3701 luistis
279 3648 448 3701 comedere
466 3657 498 3700 ct
547 3649 655 3714 ibere,
672 3667 741 3703 non.
760 3680 790 3690 -
809 3652 841 3718 5]
859 3648 965 3703 Abbas
983 3664 1024 3701 om
1041 3647 1117 3700 nav.

150 3744 184 3755 -
200 3716 235 3855 ἐξ
250 3716 272 3771 0
288 3720 435 3771 timorem
452 3735 488 3770 ac
504 3726 684 3773 tremorem.
710 3720 760 3787 lX,
778 3721 824 3774 10:
842 3728 953 3773 uomens
970 3734 1001 3770 ac
1018 3718 1116 3769 timens.

251 3786 406 3855 Gnostri.
424 3819 458 3829 —
475 3789 508 3858 8)
525 3788 567 3842 ΑΡ
585 3798 627 3842 ut.
