2460 4162
397 200 401 207 ’
455 209 511 269 ΒΕ
532 207 796 273 ΤΕΝΤΑΤΙΟΝΕ.
1085 212 1146 271 205

430 400 662 462 CAPITULUM
682 401 831 463 XXXVI.

150 525 200 584 De
220 523 342 583 demitto
365 520 502 582 Gecardo
523 523 646 596 Abbate‚
670 527 721 599 qut
742 524 901 583 monachos
922 527 955 582 in
975 541 1108 585 sermone

244 611 438 671 emmens
453 630 512 687 per
530 610 670 687 fabalem
691 613 814 670 Arcturi
830 608 847 686 ¹)
871 614 1016 689 excitavit.

176 748 212 807 Iu
223 748 411 809 sollemnitate
426 748 552 824 quadam
567 767 632 809 cum
646 749 749 809 Abbas
773 748 924 808 Gerendus
945 738 1149 823 praedecessor

110 836 206 911 huius,
227 838 277 912 qui
289 853 366 894 nunc
380 842 431 910 est,
453 838 574 896 verbum
588 836 791 895 exhortationis
808 839 838 894 iu
852 836 983 911 Capitulo
1006 835 1044 895 ad
1065 853 1117 896 nos
1127 832 1148 916 ²)

109 923 230 998 laceret,
256 929 284 982 et
304 923 408 998 plures,
429 926 553 982 maxime
576 924 611 982 de
633 925 786 998 conversis,
808 922 975 998 dormitare,
996 923 1149 982 nonnullos

110 1012 200 1069 ctiam
221 1015 339 1069 stertere
362 1012 546 1085 conspiceret,
568 1009 751 1069 exclamavit:
775 1008 892 1084 Audite,
912 1009 1021 1085 fratres,
1043 1009 1148 1086 audite,

110 1114 174 1156 rem
202 1097 284 1155 vobis
305 1113 413 1156 novam
441 1104 471 1155 et
490 1114 626 1173 maguam
646 1114 814 1173 proponam.
856 1097 921 1155 Rex
943 1097 1059 1171 qnidam
1079 1097 1147 1171 fuit,

110 1186 163 1259 qui
190 1180 308 1263 Artus³)
337 1184 504 1243 vocabatur.
547 1183 613 1242 Hoc
646 1183 735 1259 dieto,
753 1200 811 1243 nou
832 1186 985 1259 processit,
1014 1182 1065 1242 sed
1086 1185 1147 1242 ait:

111 1269 232 1345 Videte,
259 1270 373 1344 iratres,
394 1273 538 1330 misenann
559 1288 702 1347 maguam.
746 1269 868 1346 Quando
890 1270 1002 1330 loeutus
1023 1287 1088 1329 sum
1110 1269 1147 1330 dc

108 1356 193 1432 Deo,
222 1357 408 1434 dormitastis3
430 1375 498 1416 mox
519 1363 551 1416 ut
572 1359 663 1417 verba
686 1357 810 1417 levitatis
831 1359 952 1432 inserui,
981 1357 1148 1433 evigilantes
1196 1350 1197 1357 '

110 1445 213 1504 meets
231 1445 347 1508 auribus
360 1461 459 1503 omnes
473 1444 634 1503 auscultare
650 1446 792 1519 coepistis.
833 1442 897 1520 Ego
911 1444 1002 1503 eidem
1024 1445 1148 1503 sermoni

109 1531 233 1590 interlui.
275 1531 340 1590 Non
368 1531 462 1590 solum
489 1549 627 1607 personas
656 1531 833 1607 spirituales,
862 1531 914 1590 sed
936 1537 965 1592 et
986 1531 1148 1591 saeculares

110 1616 244 1678 diabolus
265 1633 317 1693 per
338 1618 557 1678 somnolentiam
577 1624 669 1678 tentat
691 1624 720 1678 ct
741 1617 867 1693 impedit.

422 1806 654 1869 CAPITULUM
673 1807 839 1868 XXXVII.

109 1930 161 1991 De
174 1912 304 1990 Hernico
324 1932 416 1990 milite
437 1931 522 2006 cpttd
540 1948 596 1990 noa
617 1949 758 1990 carenam
777 1930 912 2005 faciente,
935 1937 963 1989 et
984 1929 1020 1989 de
1040 1930 1147 2006 lapide,

317 2021 351 2077 in
372 2034 432 2094 quo
454 2017 618 2077 dormiebat
641 2025 769 2098 tenpore
790 2020 942 2076 orationis.

175 2154 261 2217 Miles
283 2157 400 2232 quidam
412 2157 580 2230 Bonnensis‚
601 2155 742 2215 Henricus
764 2157 892 2232 nominc,
921 2163 1050 2232 tempore
1072 2173 1147 2232 quo-

111 2243 181 2305 dam
208 2243 447 2321 quadragesimali
476 2239 641 2322 carenam⁴l
677 2244 744 2302 fecit
771 2243 849 2320 apud
877 2260 938 2302 nos.
988 2244 1147 2318 Postquam

110 2347 243 2391 tenemus
265 2337 308 2390 est
329 2333 358 2389 in
373 2330 489 2390 domum
511 2348 602 2404 suam,
624 2330 670 2388 dic
685 2329 810 2406 quadam
829 2348 979 2390 occurrens
1000 2330 1146 2406 praedicto

110 2416 248 2479 Gerardc
270 2416 388 2493 Abbati,
410 2420 449 2477 ait
470 2417 508 2477 ad
527 2416 627 2475 illum:
658 2416 783 2476 Domine
803 2417 920 2492 Abbas,
941 2416 1056 2476 vendite
1077 2416 1147 2475 milri

108 2500 237 2581 lapidem
256 2503 344 2580 illum,
366 2507 415 2580 qui
435 2507 516 2563 iuxta
536 2503 623 2562 talem
636 2503 798 2563 columnam
820 2506 934 2563 oratorii
954 2507 1042 2562 vestri
1063 2506 1146 2578 iacet,

75 2600 81 2609 '
109 2598 141 2653 et
161 2608 217 2669 ego
239 2590 314 2650 dabo
336 2608 387 2666 pro
409 2591 456 2650 illo
479 2590 614 2666 quicquid
635 2590 854 2666 postulaveritis.
898 2589 952 2648 Cui
978 2608 1044 2648 cnm
1065 2590 1146 2650 dice·

108 2684 173 2738 ret:
205 2675 255 2737 Ad
284 2678 352 2754 qnid
379 2679 463 2737 vobis
486 2685 530 2737 est
550 2676 748 2737 necessarius?
778 2676 941 2752 respondite
973 2677 1036 2752 Ego
1066 2677 1146 2735 illum

109 2780 218 2843 ponere
239 2764 305 2824 volo
327 2764 365 2824 ad
386 2764 492 2851 lectum
513 2781 618 2840 mcum,
643 2767 711 2839 quia
733 2763 797 2822 talis
819 2770 862 2822 est
884 2765 945 2822 eius
965 2770 1081 2837 natura,
1113 2769 1147 2821 ut

110 2854 161 2929 qul
189 2851 312 2913 dormire
338 2869 397 2911 non
424 2854 561 2926 potuerit,
584 2859 613 2910 ct
641 2857 728 2926 caput
756 2868 841 2927 snper
868 2847 947 2907 illum
975 2852 1102 2925 posuerit
1114 2846 1146 2929 ⁸),

109 2939 208 2999 statim
229 2938 359 2998 dormiat
400 2938 484 2997 Illam
514 2938 708 2997 confusionem
737 2937 843 2997 iecerat
869 2939 895 2995 ci
917 2935 1047 2995 diabolus
1069 2943 1145 2996 tem-

108 3042 180 3102 pore
201 3026 406 3100 poenitentiae,
432 3031 466 3083 ut
486 3027 617 3100 quotiens
637 3027 754 3084 veniens
776 3024 814 3083 ad
835 3024 985 3083 ecclesiam
1006 3041 1038 3084 se
1059 3041 1146 3099 snper

109 3110 235 3173 eundem
261 3110 386 3187 lapidem
414 3128 502 3171 eausa
532 3114 667 3171 orationis
688 3112 852 3186 reclinaret,
883 3128 951 3169 mox
980 3112 1006 3170 ei
1027 3128 1145 3170 somnus

108 3199 270 3276 subriperet
279 3194 310 3279 ⁶).
353 3198 451 3259 Simile
472 3199 593 3258 verbum
613 3199 716 3258 nobilis
738 3198 869 3273 quidam,
893 3199 942 3272 qui
964 3198 1001 3256 ob
1024 3197 1145 3257 similem

109 3287 315 3363 poeniteutiam
335 3285 428 3345 iuerat
440 3282 459 3365 τ)
482 3287 511 3343 in
531 3284 756 3359 Hammenrode,
777 3285 865 3344 fertur
887 3284 1004 3343 dixisse:
1026 3284 1144 3344 Mollio-

108 3389 165 3447 res,
184 3373 292 3448 inquit,
313 3372 509 3447 suntlapides
531 3375 646 3431 oratorii
668 3372 791 3432 Claustri
812 3372 944 3430 omnibus
965 3371 1144 3433 lectisterniis

127 3506 160 3577 1)
176 3506 311 3559 Arcturi
329 3504 378 3557 add
395 3506 474 3569 Asin
502 3506 567 3557 coni.
585 3505 644 3569 llll,
664 3506 704 3557 12.
725 3536 755 3546 -
775 3506 806 3573 2)
824 3505 846 3556 D
864 3503 900 3556 ad
918 3520 975 3555 uos
1000 3505 1030 3555 in
1052 3504 1143 3572 Capi·
1198 3494 1202 3499 ’

179 3575 264 3637 rulo,
291 3575 332 3628 BG
356 3575 449 3659 uobis
472 3577 504 3627 in
528 3575 689 3658 Capitulo.
710 3605 741 3658 Τ
765 3576 797 3641 3)
815 3580 851 3659 sic
876 3590 963 3625 omnes
984 3573 1048 3656 libri.
1063 3604 1093 3657 Ἶ-
1109 3575 1142 3642 l)

177 3645 228 3699 ltoo
244 3653 303 3709 est,
319 3654 497 3715 castigationes
515 3655 692 3713 orationesque
717 3661 743 3696 m
761 3660 854 3696 rerunro
873 3644 1090 3726 quadragesimali·
1110 3673 1139 3683 -

179 3713 1054 3855 {3bestris,til,irresistibili,{ltu
1073 3715 1099 3778 ⁶2
1117 3715 1141 3766 ⁶·
