2438 4170
94 190 155 250 132
407 151 803 254 orsrmcrrormrm

438 349 670 410 CAPITULUM
699 348 786 409 XVL

95 470 143 529 De
163 469 315 528 haereticis
336 472 421 546 opud
442 472 635 532 Comercium
655 492 709 548 per
730 472 857 531 condens
874 471 1000 548 ferrum
1021 476 1135 534 aaut

126 560 205 615 nodo
228 564 255 615 et
276 557 441 633 combustis,
464 577 500 618 ce
522 559 628 634 quibus
649 578 728 618 unus
750 559 883 635 bertefieio
906 559 1102 636 coruscosionie

506 648 641 704 sulcatus
665 653 714 705 eet

158 765 194 823 In
216 765 371 826 Gameraco
385 763 402 846 ¹)
426 769 540 825 civitate
561 768 715 843 episcopali
736 767 808 825 inira
827 766 883 826 hoc
906 769 1133 844 quinquennium

95 851 191 927 plures
213 854 348 912 haeretici
370 854 566 929 comprehensi
587 862 670 927 sunt,
697 857 746 930 qui
775 872 874 913 omues
902 857 1006 916 timore
1036 859 1153 916 mortis.

96 957 179 997 suam
199 940 349 1016 perfidiam
370 948 556 1016 negaverunt.
599 941 705 1000 Missus
727 947 770 999 est
791 943 827 999 ab
839 941 987 1017 Episcopo
1006 943 1132 1018 clericus,

95 1029 144 1100 qui
164 1035 302 1103 negantes
323 1046 375 1102 per
396 1027 521 1086 candens
542 1028 647 1086 forrum
669 1031 857 1103 examinaret,
885 1029 1008 1089 adustos
1029 1031 1131 1090 haere-

96 1116 168 1173 ticos
176 1111 197 1194 ²)
220 1118 412 1174 sententiaret.
455 1114 617 1173 Examinati
637 1123 704 1174 sunt
725 1133 832 1190 omnes,
854 1122 884 1174 et
905 1117 1052 1177 combusti
1067 1122 1130 1176 suut

95 1218 203 1262 omnes.
248 1202 391 1278 Quicum
412 1202 592 1260 traherentur
618 1202 656 1260 ad
684 1220 822 1278 poenam,
850 1220 925 1262 unus
952 1220 991 1262 ex
1020 1206 1061 1263 eis
1087 1206 1129 1263 vir

95 1289 197 1365 nobilis
218 1291 365 1364 sanguino,
387 1296 549 1347 reservatur
570 1307 589 1347 a
611 1288 713 1348 elorico
735 1289 891 1365 advitam,
913 1292 938 1348 si
954 1290 1030 1350 sorte
1049 1290 1126 1350 illum

95 1392 210 1451 quoquo
231 1377 317 1435 modo
339 1376 474 1434 reducere
495 1382 593 1450 posset
614 1376 652 1434 ad
672 1379 884 1451 poeniteutiam.
930 1377 985 1435 Cui
1012 1381 1055 1438 sie
1078 1376 1125 1437 di·

93 1465 149 1521 xit:
180 1463 278 1521 Homo
299 1463 402 1521 nobilis
424 1480 468 1537 es,
500 1466 636 1522 misereor
661 1465 717 1538 tui,
745 1460 807 1543 et³)
829 1467 989 1538 compatior
1016 1467 1130 1525 animm

94 1557 176 1626 tuae;
208 1567 278 1626 rogo
302 1558 330 1609 et
351 1567 469 1624 moneo,
490 1557 523 1608 ut
544 1551 639 1609 adhue
661 1550 697 1609 de
719 1556 798 1608 tanta
819 1551 939 1626 perfidia
960 1554 1122 1628 resipiscas,

95 1634 164 1717 de‘)
186 1655 278 1697 errore
300 1637 338 1695 ad
358 1640 508 1696 veritatem
529 1637 645 1711 redeas,
666 1654 703 1696 ne
723 1655 775 1712 per
796 1645 918 1696 mortem
939 1639 1120 1715 temporalem

93 1732 213 1784 mortem
233 1728 362 1784 incurras
383 1732 537 1783 aeternam.
580 1723 629 1782 Ad
649 1724 722 1783 haec
743 1724 790 1782 ille
811 1724 973 1799 respondit:
1005 1726 1120 1801 Experi-

93 1819 189 1871 mento
211 1812 296 1871 didiei
317 1829 363 1870 me
385 1828 512 1885 errasse;
546 1813 569 1869 si
578 1808 598 1890 ⁵)
620 1828 684 1870 sera
705 1814 879 1886 poenitentia
899 1812 969 1870 mihi
990 1814 1118 1889 prodesse

92 1906 198 1974 posset,
219 1917 277 1958 non
297 1915 445 1957 renuerem
468 1898 604 1956 confiteri.
649 1897 703 1956 Cui
725 1915 790 1956 eum
811 1898 858 1957 ille
881 1899 1002 1974 diceret,
1023 1901 1116 1976 poeni-

92 1989 210 2044 tentiam
246 2003 346 2046 reram
376 2003 523 2059 nunquam
556 2002 618 2044 esse
650 2003 757 2060 soram3
791 1989 907 2044 vocavit
924 1986 1119 2046 sacerdotem.

94 2071 246 2131 Confessus
268 2080 312 2132 est
332 2072 419 2131 homo
441 2090 525 2130 suum
547 2089 686 2146 errorem,
715 2089 750 2130 ex
778 2079 839 2131 toto
862 2074 947 2132 corde
968 2074 1034 2133 Deo
1054 2090 1118 2149 pro-

92 2162 221 2232 mittens,
244 2163 267 2218 si
287 2162 347 2218 vita
369 2159 586 2232 concederetur,
607 2156 837 2218 satisfactionem.
880 2159 921 2219 Ut
942 2167 1039 2220 autem
1059 2163 1126 2236 pius

91 2246 233 2305 Dominus
253 2249 312 2305 vim
334 2246 496 2305 ostenderet
518 2242 708 2321 confessionis,
730 2263 797 2304 mox
818 2254 851 2304 ut
871 2251 1021 2322 poenitens
1031 2249 1125 2322 coepit

91 2339 212 2409 peccata
233 2352 286 2392 sua
308 2333 449 2407 confiteri,
482 2335 576 2409 coepit
605 2329 660 2413 πθ)
682 2332 745 2408 ipsa
759 2335 952 2393 combustura
979 2339 1009 2393 in
1037 2348 1126 2393 manu

92 2420 251 2480 confitentis
278 2421 416 2496 paulatim
443 2422 541 2477 minui.
594 2420 675 2495 Quae
703 2423 733 2478 in
766 2427 879 2479 tantum
906 2439 940 2480 eo
969 2425 1126 2497 aspiciente

92 2508 224 2583 decrevit,
246 2511 275 2565 in
297 2514 436 2583 quantum
458 2507 597 2566 consessio
619 2507 745 2582 profecit.
787 2506 944 2568 Medietate
967 2510 1126 2568 confessio·

91 2597 134 2654 nis
155 2602 286 2671 peracta,
319 2595 413 2653 media
440 2612 507 2669 pars
528 2594 631 2670 plagae
654 2601 697 2652 est
718 2601 831 2672 sauata„-
870 2594 911 2654 Ut
933 2603 1030 2654 autem
1051 2612 1127 2654 con·-

89 2683 240 2741 iessionem
261 2688 352 2740 totam
374 2680 537 2756 complevit,
559 2688 588 2739 et
600 2678 619 2759 ⁷)
632 2685 720 2739 virtus
734 2684 796 2756 ipsa
814 2682 997 2742 confessionis
1009 2698 1125 2742 omnem

91 2772 304 2829 combusturam
325 2777 384 2828 tam
405 2771 434 2826 in
458 2768 555 2826 dolore
577 2786 663 2843 quam
684 2771 714 2825 in
736 2768 829 2827 colore
847 2769 960 2844 delerit,
982 2778 1122 2829 etmanus

88 2859 237 2930 pristinam
269 2859 420 2914 sanitatem
449 2857 563 2930 recepit.
606 2855 735 2914 Vocatus
768 2863 810 2914 est
841 2859 885 2914 vir
913 2875 931 2915 a
958 2857 1052 2916 iudice
1081 2852 1120 2914 ad

89 2945 192 3018 ignem.
235 2942 284 3000 Ad
306 2959 390 3017 quem
413 2942 547 3000 clericus:
582 2941 676 3017 Quare
705 2960 771 3000 eum
799 2941 964 3022 vocatis⁸)?
1000 2944 1048 3019 ,Ut
1071 2960 1115 3002 ar·

90 3029 171 3103 deat,
198 3031 304 3103 inquit,
328 3032 361 3086 eo'
385 3027 462 3103 quod
482 3031 511 3086 in
534 3031 741 3088 examinatione
765 3031 930 3088 combustus
953 3034 997 3089 sit.
1040 3031 1115 3089 Tunc

89 3116 207 3175 clericus
228 3114 380 3173 ostendens
402 3133 519 3172 manum
542 3118 602 3174 eius
629 3119 823 3191 sanissimam,
851 3117 984 3176 liberavit
1010 3136 1074 3177 eum
1098 3133 1116 3175 a

87 3206 201 3278 poenis,
231 3205 331 3261 ceteris
353 3204 418 3276 igne
441 3205 604 3260 consumtis,
647 3203 729 3262 Haec
752 3223 817 3262 oum
839 3203 965 3262 audisset
987 3208 1115 3282 magister

89 3289 245 3363 Comedus,
267 3288 546 3362 responditAbbati:
567 3290 605 3346 Et
627 3307 680 3366 ego
704 3291 796 3348 dicam
818 3293 901 3350 vobis
921 3289 1021 3367 simile,
1044 3289 1116 3368 quod

86 3384 152 3435 ante
173 3393 281 3451 paucos
303 3393 393 3434 annos
415 3376 493 3452 apud
514 3375 702 3452 Argentinam
723 3377 856 3437 recordor
878 3381 1039 3455 contigisse.

104 3632 135 3701 1)
153 3631 285 3698 Cambray.
305 3663 335 3672 -
355 3633 387 3700 2)
406 3631 468 3685 ΑΒΡ
486 3632 673 3694 haereticos
700 3650 780 3685 esse.
800 3664 829 3673 -
859 3635 891 3702 3)
910 3643 941 3685 et
959 3651 1001 3686 om
1019 3634 1067 3688 Bc.
1086 3661 1115 3672 -

153 3703 185 3769 4)
205 3702 222 3752 P
241 3711 272 3753 et
290 3702 335 3753 de.
355 3733 385 3741 —
406 3704 437 3770 5)
455 3703 475 3755 C
493 3702 547 3755 sed
566 3704 599 3755 si.
619 3732 649 3743 -
670 3704 701 3772 6]
720 3713 750 3756 et
769 3720 809 3755 om
827 3703 854 3756 O.
870 3735 900 3743 -
920 3705 951 3773 7)
970 3713 1002 3755 et
1020 3702 1116 3756 omBO.

153 3802 185 3810 —
200 3772 231 3841 8)
249 3772 269 3823 B
288 3774 443 3825 vocastis.
