2438 4170
95 248 155 307 1sc
394 243 623 308 nnuncrro
652 244 818 325 cunnus

429 436 662 499 CAPITULUM
681 439 785 500 XXV.

228 559 276 618 Dc
291 559 405 634 puella,
428 578 505 635 quae
526 559 676 620 invidebat
696 560 795 620 studio
818 563 995 621 emman.

156 695 241 755 Anno
263 699 417 773 praeterito
439 700 469 756 in
482 701 655 760 monasterio
678 699 805 775 quodam
819 698 927 758 ordinis
941 701 1029 758 nostri
1046 700 1103 759 un

92 785 213 842 Frisiam
220 780 245 863 ¹),
267 784 344 859 quod
358 785 450 844 Yesse
463 784 573 861 dicitur,
595 785 670 845 duae
683 785 822 862 parvulae
843 786 960 862 puellae
971 783 992 866 ²)
1012 785 1101 846 adite·

90 888 137 930 ras
158 872 401 945 positaefucrnnt
445 871 526 948 Quae
549 890 614 932 cum
635 890 740 949 magno
754 874 866 932 fervore
889 872 1035 947 discentes,
1052 872 1099 932 sati

91 961 164 1017 inter
184 976 215 1017 se
238 958 456 1033 contenderunt,
483 965 515 1017 ut
535 977 594 1018 una
615 960 697 1018 alteri
717 963 747 1018 in
768 959 864 1019 studio
887 966 917 1019 et
938 962 1048 1021 scientia
1063 976 1097 1018 sr-

90 1048 183 1120 pericr
215 1045 376 1105 haberetur.
429 1045 546 1105 Interim
579 1049 697 1123 contigit
727 1065 816 1106 unam
847 1046 994 1107 infirmari
1039 1044 1095 1123 Qun

91 1134 231 1208 comparis
245 1129 341 1211 suaes)
363 1133 502 1207 profectui
522 1133 660 1208 invidens,
682 1137 751 1193 satis
774 1136 871 1209 coepit
887 1122 1002 1209 tentari,
1019 1135 1092 1193 timue

91 1218 169 1295 qnod
197 1221 309 1278 interim
334 1219 425 1278 multa
454 1219 562 1280 discere
589 1227 696 1296 posset.
739 1221 916 1297 vocansque
944 1221 1100 1293 Priorissau.¹

91 1308 185 1381 coepit
206 1305 442 1382 illipsupplicarffi
476 1306 588 1366 dicens:
615 1309 700 1366 Bona
722 1307 852 1383 domina,
883 1307 997 1384 quando
1015 1304 1105 1387 renni¹

90 1392 129 1452 ad
150 1409 196 1451 me
218 1399 310 1452 mater
330 1410 408 1468 mea,
438 1410 491 1471 egc
519 1395 662 1469 requiram
690 1396 727 1454 ab
751 1411 785 1453 ea
807 1412 858 1453 sex
880 1394 1022 1471 denarios,
1043 1404 1096 1469 quit·

90 1480 173 1539 vobis
195 1480 286 1555 dabc,
314 1486 346 1538 ut
367 1497 425 1539 nnn
446 1483 592 1555 patiamini
615 1480 723 1540 discere
745 1498 873 1540 sororem
893 1498 1002 1556 meam,
1028 1478 1091 1539 nnc

91 1566 272 1626 convaluero.
323 1567 422 1626 Timeo
446 1570 536 1643 enim,
566 1563 635 1647 ne⁴)
667 1567 822 1645 praecellat
858 1585 915 1627 me.
968 1564 1013 1627 Ad
1038 1560 1090 1643 nuti

90 1655 211 1714 verbum
240 1654 356 1714 subrisit
376 1655 530 1729 Priorissa‚
562 1655 676 1730 puellae
704 1655 846 1714 fervorem
875 1657 947 1714 satis
974 1654 1089 1716 adinum

89 1740 293 1802 NOVICIUS:
312 1739 369 1800 Dic
392 1742 521 1817 obsecro,
543 1758 618 1816 quac
640 1748 684 1802 est
704 1741 846 1802 medicina
860 1748 961 1803 contra
980 1738 1088 1802 invitus

89 1827 323 1888 MONACHUS:
346 1826 493 1904 Obsequia
515 1831 648 1888 caritatis.

422 2018 656 2080 CAPITULUM
676 2020 793 2081 XXVI.

176 2141 352 2217 Escmptum
380 2148 486 2200 contra
507 2142 651 2288 iccidliam
673 2161 692 2201 c
714 2145 858 2219 mapistrc
879 2141 1032 2218 Rudclpic

525 2247 582 2305 pro
595 2237 688 2289 utum.

154 2366 293 2442 Magister
313 2367 483 2442 Rudclphus
513 2367 706 2427 Scholasticus
736 2367 929 2442 Coloniensis‚
958 2384 1036 2443 qnam
1056 2372 1090 2436 08⁰

92 2455 163 2512 benc
184 2456 252 2513 novi
275 2459 303 2512 et
315 2453 476 2530 frequenter
490 2455 595 2530 audivi,
611 2454 764 2531 discipulos
778 2473 847 2514 suos
860 2457 970 2514 instans
982 2451 1001 2534 ε)
1021 2462 1091 2512 excu-

89 2541 169 2616 plum
198 2547 297 2600 contra
324 2542 437 2600 invides
460 2541 571 2616 docuit,
594 2542 704 2600 dicens:
726 2543 827 2602 Frater
856 2542 960 2618 aliquis
981 2535 1092 2618 quendam

90 2646 126 2687 ex
146 2628 278 2687 fratribus
301 2631 358 2687 suis
380 2631 421 2688 ita
443 2646 562 2687 exosum
584 2629 700 2703 habuit,
729 2635 762 2686 ut
789 2646 847 2687 nen
876 2631 937 2688 sine
968 2626 1050 2689 cerdis
1064 2616 1093 2679 ³¹1i

90 2718 217 2774 cruciatu
238 2714 318 2773 illum
332 2718 473 2791 respicere
494 2722 592 2791 posset
604 2709 634 2795 ⁵).
677 2715 763 2791 Quod
783 2714 831 2775 ille
853 2719 988 2791 sentiens,
1007 2720 1032 2774 ct
1048 2704 1093 2770 rui·

89 2818 142 2860 nus
166 2803 258 2862 cordis
281 2805 341 2861 eius
363 2820 464 2862 sanare
487 2805 611 2877 cupiens,
632 2802 747 2861 fratrem
769 2809 830 2860 tam
849 2804 1006 2877 periculose
1025 2802 1093 2859 tenu·

90 2897 160 2963 tum,
174 2891 232 2947 imc
244 2892 272 2946 in
285 2892 348 2964 ipsa
359 2892 515 2949 tentatione
528 2892 641 2948 omnino
654 2895 828 2965 superatum,
842 2892 986 2965 obsequiis
1000 2881 1095 2948 caricis

89 2975 126 3033 ad
140 2993 225 3033 suum
240 2993 375 3050 amorem,
398 2983 536 3051 quantum
545 2974 564 3056 ⁷)
580 2978 680 3051 potuit,
701 2976 856 3035 inclinavit.
890 2976 1017 3053 Capitale
1023 2971 1042 3054 ³)
1055 2970 1095 3030 citt

89 3064 173 3121 vertit
194 3068 222 3120 et
245 3062 427 3136 mollificavit,
448 3071 544 3122 vestes
565 3066 696 3136 excussit,
718 3063 906 3123 calciamenta
925 3068 999 3124 circa
1016 3061 1097 3121 lectu
1133 3040 1137 3123 1

91 3152 258 3224 composuit,
269 3157 298 3208 ct
309 3149 443 3224 quicquid
454 3150 491 3208 ad
501 3151 574 3208 illius
586 3149 767 3209 commodum
778 3167 841 3209 esse
853 3158 982 3226 noverat,
991 3153 1019 3208 in
1028 3159 1098 3223 qutu-
1135 3160 1137 3171 '

90 3242 152 3295 tum
165 3236 244 3294 licuit
258 3244 286 3294 et
297 3238 398 3311 potuit,
413 3236 547 3295 exhibuit.
569 3237 616 3296 Sic
627 3237 674 3295 ille
685 3236 798 3296 invidus
812 3239 959 3314 obsequiis
973 3240 1029 3296 eius
1039 3229 1099 3293 deri·

91 3331 161 3398 ctus,
174 3322 252 3382 etad
266 3340 315 3382 cor
326 3323 469 3398 reductus,
482 3331 652 3399 conceptum
664 3324 788 3384 invidiae
798 3342 944 3384 venenum
955 3324 1066 3400 exspuit,
1080 3317 1100 3375 tt

90 3429 176 3483 quem
204 3413 281 3486 prius
310 3428 402 3485 aequo
432 3411 515 3471 uculo
544 3413 683 3487 respicere
713 3428 772 3470 non
798 3415 907 3489 potuit,
938 3413 1002 3489 plus
1022 3412 1101 3486 posta

110 3597 139 3666 1)
158 3599 297 3647 accuratius
315 3597 379 3647 iufra
397 3597 449 3663 vlt,
466 3599 514 3650 46:
534 3600 575 3664 „in
593 3599 696 3651 introitu
713 3598 817 3664 Frisiae‚
834 3602 904 3652 iuxta
921 3599 1045 3651 civitatem
1053 3594 1102 3648 (int-

158 3669 276 3735 ningen.“
297 3697 327 3706 -
348 3667 379 3733 2)
397 3667 438 3721 BC
455 3667 587 3736 puellae
605 3668 772 3735 parvulae.
793 3699 822 3707 —
843 3669 875 3736 3)
893 3668 957 3720 tur
975 3659 1104 3727 sut-t]

158 3737 179 3788 D
198 3735 289 3804 quod.
316 3765 346 3775 —
367 3736 435 3804 531²
458 3739 646 3790 instituens.
666 3768 697 3778 —-
722 3740 754 3804 6)
773 3738 836 3790 ADP
860 3746 894 3791 ut
918 3739 987 3790 sinc
1010 3767 1039 3777 -
1055 3744 1104 3786 net

155 3815 277 3876 posset.
297 3836 328 3846 —
348 3806 380 3877 7)
398 3807 418 3860 B
436 3809 645 3879 inquantum.
663 3838 694 3848 -
714 3808 745 3878 8]
763 3808 812 3861 hcc
829 3817 877 3874 est,
895 3807 1010 3861 cervical.
