2460 4162
144 223 205 282 rra
443 221 671 286 orsrmorro
701 224 866 303 Qunam

141 345 222 404 Sicut
242 344 312 401 mihi
332 343 427 402 retulit
447 347 504 403 iam
527 345 619 405 dictus
639 345 751 423 Abbas,
771 350 813 409 ite
833 350 930 411 vultus
950 353 1056 413 novicii
1081 354 1180 418 subito

140 431 233 490 suerat
253 432 433 517 immutatus,
464 438 497 489 ut
517 433 635 509 nigredo
656 434 835 496 maxillarum
857 443 886 497 et
906 440 1180 513 cementariorum

140 519 209 576 satis
231 517 420 592 ostenderent,
443 517 511 593 quid
532 519 616 579 corde
639 524 824 597 concepisset.
866 523 1070 587 NOVICIUS:
1099 528 1178 590 Ecce

139 603 215 662 istud
237 610 281 663 est
303 603 459 678 quodiam
481 605 553 679 dixi,
583 609 650 681 quia
677 611 795 669 noviciis
817 613 934 670 tentatio
956 612 1039 672 facile
1060 618 1177 691 veniat,

140 690 270 750 01100116
292 691 415 750 recedat.
458 690 693 753 MONAOHUS:
723 695 873 771 Quaedam
894 701 1065 759 tentationes
1088 703 1177 761 novi-

139 779 245 836 ciorum
259 774 274 857 ¹)
297 784 357 836 tam
379 778 467 838 durae
488 786 555 837 sunt
576 787 604 838 et
625 786 685 839 tam
706 782 828 858 validae,
849 789 882 842 ut
902 783 967 844 illas
989 803 1176 863 compescam

137 864 252 923 valeant
273 883 331 924 non
352 866 457 940 verba,
488 882 546 925 non
578 867 723 944 exempla,
751 868 803 928 sed
831 870 895 930 sola
921 874 1050 947 potentia
1085 881 1174 951 atque

138 951 294 1011 consolatio
317 951 422 1011 divina.

491 1095 724 1204 0001000οΜ
744 1145 808 1204 err.

140 1268 192 1326 rDe
212 1269 327 1325 novicio
350 1284 369 1323 a
390 1268 495 1340 spirita
518 1252 711 1340 blasphemiae
734 1272 854 1343 tentate,
876 1276 904 1328 et
924 1273 956 1328 in
975 1275 1160 1349 contempla-

462 1355 539 1410 iioae
561 1353 691 1428 crucifici
712 1352 844 1413 liberato,

196 1474 334 1536 Novicius
367 1473 483 1547 quidam
511 1478 637 1549 tempore
665 1474 841 1549 probationis
868 1486 938 1535 suae
977 1494 1013 1537 ex
1040 1479 1172 1554 quadam

35 1612 36 1616 ,
132 1565 288 1622 tentatione
310 1560 467 1634 diabolica,
496 1577 583 1635 quam
603 1577 748 1635 nunquam
771 1568 837 1620 ante
860 1566 1078 1625 conversionem
1098 1584 1170 1627 scn-

132 1657 223 1725 serat,
255 1650 421 1725 gravissime
438 1648 630 1706 turbabatur.
672 1647 748 1709 Erat
769 1651 844 1706 enim
865 1648 967 1709 eadem
987 1655 1108 1712 tentatio
1130 1653 1169 1714 de

130 1739 323 1798 incarnatione
344 1735 449 1811 Verbi,
470 1751 528 1793 non
551 1733 628 1809 quod
650 1733 685 1792 de
705 1733 754 1793 ille
775 1734 850 1794 male
872 1739 1003 1813 sentiret,
1024 1736 1079 1799 sed
1102 1738 1168 1802 dia·

131 1824 216 1885 bolus
236 1840 288 1899 per
309 1823 439 1897 spiritum
454 1820 647 1897 blasphemiae
667 1821 808 1880 fervorem
829 1825 931 1882 mentis
953 1823 1027 1884 illius
1047 1827 1167 1888 niteba-

131 1918 177 1970 tur
199 1913 392 1985 exstinguere,
420 1913 453 1964 ut
474 1908 542 1966 dum
564 1907 601 1966 de
621 1925 656 1967 60
678 1907 837 1983 dubitaret,
859 1915 955 1968 tantos
975 1927 1027 1986 pro
1049 1910 1167 1974 Ghr‘ebo

131 1999 224 2056 subire
246 1997 358 2055 labores
379 1999 530 2052 recusaret.
563 1994 618 2053 Die
642 1994 766 2069 quadam
789 2012 854 2053 cum
876 2001 964 2055 staret
984 1997 1023 2057 ad
1041 2000 1166 2074 primam

17 2125 21 2132 .
129 2088 158 2142 in
181 2085 266 2142 choro
288 2083 466 2141 noviciorum
499 2087 596 2139 contra
628 2082 732 2155 altare,
766 2082 972 2158 contemplatus
1001 2091 1044 2143 est
1073 2085 1166 2146 oculis

130 2174 271 2246 corporeis
303 2170 456 2244 imaginem
489 2166 614 2227 crucifixi
644 2170 673 2225 in
702 2184 767 2227 aere
794 2171 890 2228 venire
926 2169 965 2227 ad
992 2187 1039 2245 se,
1072 2189 1108 2232 ac
1138 2175 1166 2232 ei

130 2258 248 2319 diceret:
272 2256 365 2331 Quare
388 2252 522 2312 dubitas?
565 2256 687 2329 Respice
709 2256 738 2311 in
760 2272 814 2313 me.
857 2255 920 2331 Ego
942 2275 1006 2315 sum
1026 2257 1091 2334 ille,
1112 2261 1165 2335 qui

128 2349 212 2402 natus
235 2350 263 2402 61
284 2359 386 2418 passus
408 2358 471 2398 sum
499 2348 615 2416 propter
643 2347 680 2399 te.
722 2340 779 2399 Per
810 2341 936 2417 aliquam
963 2343 1065 2402 horam
1093 2352 1164 2406 ante

127 2432 229 2490 faciem
252 2433 312 2488 eius
334 2427 461 2507 pendens
483 2433 544 2485 erat
574 2431 637 2501 ipsa
664 2430 774 2503 imago,
808 2445 894 2503 quam
926 2434 1037 2488 tantum
1063 2431 1164 2492 videre

126 2520 219 2593 potuit
240 2518 277 2575 ab
300 2515 442 2574 umbelico
472 2520 500 2572 et
528 2531 622 2588 supra.
666 2515 859 2588 Interrogatus
889 2532 908 2573 a
937 2533 999 2591 me,
1028 2519 1053 2576 si
1074 2520 1164 2578 sciret

127 2605 196 2681 quid
217 2605 273 2663 hoc
295 2602 466 2679 significaret
474 2597 503 2680 ²),
525 2600 683 2675 respondit:
704 2600 846 2660 Dominus
868 2601 937 2659 mihi
958 2603 1078 2662 contulit
1090 2623 1161 2682 gra-

126 2696 195 2751 tiam
217 2692 303 2765 illam,
325 2697 357 2747 ut
377 2688 446 2746 nihil
467 2688 656 2763 impudicum,
680 2693 708 2747 et
730 2687 806 2762 quod
828 2687 939 2746 laedere
961 2691 1051 2764 possit
1072 2708 1161 2752 vere-

126 2780 259 2838 cundiam
281 2795 388 2850 meam,
422 2778 546 2851 cogitare
574 2777 682 2849 possim
715 2774 749 2833 de
770 2774 827 2833 illo.
870 2775 908 2835 Et
928 2775 992 2835 ideo
1014 2777 1160 2853 intellexi,

126 2866 203 2940 quod
231 2872 343 2923 tantum
370 2869 465 2939 partes
495 2864 620 2936 corporis
649 2864 692 2920 sui
720 2864 895 2937 superiores,
927 2880 984 2922 non
1011 2863 1160 2926 inferiores

125 2952 273 3011 ostendere
305 2946 401 3028 mihi³)
425 2948 555 3024 dignatus
585 2955 636 3007 est.
678 2948 727 3007 Ab
757 2948 856 3007 eadem
885 2949 956 3008 hora
985 2953 1077 3010 omnis
1107 2950 1161 3012 illa

124 3042 249 3098 cessavit
269 3039 396 3110 tentatio,
419 3053 506 3110 quam
528 3041 594 3094 ante
616 3035 694 3093 nulla
716 3035 863 3110 confessio,
885 3035 963 3095 nulla
983 3053 1160 3117 sanarepo-

124 3128 177 3183 tuit
198 3127 296 3183 oratio.
339 3122 377 3179 Et
397 3123 464 3181 licet
484 3123 542 3179 iam
564 3122 640 3180 dicta
661 3124 778 3180 tentatio
802 3125 963 3197 cessaverit,
983 3140 1042 3182 non
1056 3130 1158 3185 tamen

123 3218 245 3271 tentator
268 3211 397 3269 cessavit.
441 3208 534 3284 Quem
557 3211 632 3266 enim
654 3208 773 3267 deiicere
795 3226 852 3267 non
873 3212 965 3284 potuit
990 3227 1042 3285 per
1073 3211 1158 3272 blae-

121 3300 284 3374 phemiam,
305 3297 403 3372 fugare
417 3290 545 3354 'conatus
568 3302 611 3353 est
632 3313 683 3371 per
705 3295 852 3354 accidiam.
894 3295 970 3354 Nam
991 3314 1042 3371 per
1061 3298 1158 3374 pluri-

121 3403 184 3445 mos
206 3385 284 3458 dice,
307 3385 436 3458 quotiens
458 3385 498 3441 ire
521 3381 644 3442 debebat
666 3381 703 3440 ad
726 3382 874 3441 ecclesiam
896 3382 935 3442 ad
955 3383 1040 3443 horas
1062 3402 1157 3445 cano-

121 3475 213 3547 nicas,
234 3473 416 3543 venissetque
439 3469 476 3527 ad
498 3472 602 3527 ostium
624 3468 726 3544 cellae,
758 3469 926 3529 sensibiliter
954 3477 983 3529 et
998 3476 1062 3535 ,tam
1084 3489 1157 3548 gra-

120 3561 193 3619 viter
214 3557 336 3633 scapulis
358 3556 488 3615 diabolus
508 3556 588 3613 illum
611 3555 767 3631 depressit,
790 3562 821 3614 ut
842 3556 1057 3632 compelleretur
1079 3561 1156 3620 resi-

139 3728 170 3796 1)
188 3727 228 3779 BC
246 3727 449 3778 noviciorum
472 3725 686 3777 tentationes.
707 3755 735 3764 -
762 3725 795 3795 2)
812 3724 831 3777 Ρ
854 3727 1012 3794 signaret.
1031 3757 1061 3767 -
1083 3728 1117 3797 3)
1134 3729 1155 3781 Ρ

189 3797 264 3850 milri
282 3794 468 3848 ostendere.
