2438 4170
403 232 458 292 uu
481 212 766 294 eouvnnsroun.
1060 237 1099 294 31
1165 321 1168 327 Ι

95 357 165 417 verbis
184 356 360 432 exprimeret.
404 355 461 430 Qui
482 355 599 415 consilio
621 358 815 430 acquiescens,
836 373 905 415 mox
925 362 958 414 ut
980 373 1016 415 ex
1030 373 1101 415 eon-

43 458 45 467 ·
96 460 157 502 senso
181 445 276 502 uxoris
306 459 338 502 se
364 445 438 501 inter
466 461 569 502 manus
597 442 721 501 Abbatis
748 443 884 517 reddidit,
920 443 1008 503 facies
1041 445 1102 502 eius

43 560 45 579 ι
97 532 164 605 eoepit
182 533 324 588 immutari
346 536 375 588 et
395 530 607 605 quodammodo
630 529 751 604 alterari,
776 533 817 588 ita
838 536 871 589 ut
891 528 984 604 pallor
1005 536 1101 590 verte·

43 634 46 691 }
97 623 150 674 retur
167 620 193 674 in
219 616 389 690 candorem,
423 623 451 675 et
481 616 558 675 eolor
585 615 689 674 lividus
718 616 869 691 proficeret
893 619 922 672 in
951 618 1101 690 ruborem,

43 694 45 769 ξ
97 706 178 762 eunetis
199 705 248 778 qui
269 705 390 762 aderant
411 705 590 779 stupentibus
613 709 641 762 et
662 703 718 762 Dei
740 703 849 762 donum
869 706 898 760 in
931 703 1101 763 moribundo

43 796 46 851 i
97 791 243 849 nirmtibus.
286 791 325 848 Et
345 797 377 848 nt
398 793 462 865 pius
484 790 625 849 Dominus
647 791 742 849 adhuc
763 790 940 848 manifestius
966 791 1101 849 ostende-

43 854 45 881 '
97 880 137 950 ret,
159 879 221 952 quia
247 883 364 951 propter
391 883 492 935 votum
515 877 620 935 ordinis
642 877 785 936 infirmum
807 876 975 951 distulisset,
1007 879 1101 952 eoepit

43 982 45 1007 τ
96 960 151 1020 idem
173 963 250 1022 miles
280 966 342 1022 sine
369 964 489 1037 sudore,
518 967 578 1022 sine
607 967 758 1040 sanguine,
791 967 851 1022 sine
880 967 1100 1037 sternutatione,

43 1040 45 1047 ’
97 1055 170 1107 eontra
187 1049 355 1108 infirmitatis
376 1056 518 1124 naturam,
540 1050 658 1110 celerius
670 1047 685 1129 ¹)
710 1050 917 1109 convalescere.
947 1050 1002 1125 Qui
1019 1048 1099 1129 non²)

96 1134 194 1210 ingretm
214 1136 358 1196 beneficiis
381 1138 500 1212 diviniS,
534 1137 677 1211 deportari
697 1156 728 1197 se
749 1138 817 1196 seeit
838 1137 875 1196 ad
896 1140 1101 1197 monasterium
1156 1126 1159 1132 ’

43 1232 45 1239 ·
96 1228 203 1297 nosunm,
224 1227 253 1281 in
275 1240 333 1298 quo
355 1224 446 1283 sactus
468 1226 597 1284 novicius
620 1231 648 1282 et
669 1224 836 1298 monachus
857 1242 915 1282 non
930 1224 1019 1284 multe
1033 1231 1100 1299 post

96 1309 199 1383 migrarit
226 1311 264 1369 ad
292 1310 459 1369 Dominum.
511 1308 713 1371 NOVICIUS:
743 1311 824 1371 Sicut
856 1328 892 1369 ex
918 1312 1014 1371 verbis
1042 1313 1099 1371 tuis

96 1390 180 1472 deligo,
200 1399 294 1472 opinio
316 1403 367 1455 tua
388 1404 439 1472 est,
461 1397 604 1457 infirmum
624 1416 676 1473 per
696 1400 900 1474 poenitentiam
918 1400 1100 1459 etorationes

96 1477 138 1540 dies
155 1501 216 1544 suos
237 1501 325 1560 posse
346 1484 527 1561 prolongare.

398 1690 630 1753 CAPITULUM
650 1693 767 1753 XXVI.

112 1826 149 1887 De
166 1849 196 1890 eo
217 1832 300 1908 quod
319 1833 403 1891 Deae
425 1833 588 1908 aliquando
611 1832 729 1908 differat
746 1840 932 1908 peecatorem
951 1841 1073 1910 prepter

242 1922 464 1994 poentientiam,
488 1927 515 1978 et
537 1921 702 1994 exemplum
724 1920 759 1978 de
780 1920 914 1979 Ezecbio.

141 2068 368 2135 MONAOHUS:
389 2075 455 2134 Non
477 2076 534 2136 hoc
557 2076 637 2151 dic03
661 2079 728 2152 quia
748 2095 812 2156 non·
828 2077 913 2137 erede
936 2079 1099 2153 quempiam

92 2165 157 2224 ptest
173 2164 323 2221 terminum
344 2165 400 2221 sibi
420 2180 439 2221 a
459 2163 524 2222 Deo
547 2167 733 2223 constitutum
755 2165 925 2240 extendere,
947 2164 1005 2224 sed¹
1019 2181 1099 2224 mor-

93 2241 136 2300 iem
158 2249 323 2325 quandoque
350 2252 544 2310 imminentem
571 2251 702 2310 evadere.
746 2252 831 2327 Quod
859 2255 884 2310 si
912 2269 1012 2310 verum
1040 2269 1099 2311 non

92 2337 160 2407 ittet,
184 2335 313 2395 Ecclesia
340 2339 483 2413 superflue
495 2335 516 2416 ³)
545 2355 598 2413 pre
630 2338 838 2398 infirmantibus
868 2345 970 2398 oraret.
1025 2337 1100 2396 Cum

91 2420 160 2478 ontio
178 2431 277 2482 saneta
297 2431 425 2484 mertuos
448 2428 567 2484 suscitet
587 2425 625 2483 ad
646 2428 743 2500 vitam,
766 2444 815 2484 eur
827 2443 893 2501 non,
916 2426 1099 2502 quodminus

92 2506 136 2577 itt,
164 2513 300 2569 morituris
337 2512 464 2571 obtineat
498 2511 672 2571 sanitatem?
715 2513 855 2572 Ezechiae
884 2515 1041 2588 poenitenti
1069 2519 1099 2572 et

91 2581 151 2648 flffllfi
166 2613 213 2670 per
232 2596 338 2656 Isaiam
359 2617 379 2656 a
398 2598 524 2658 Domine
548 2599 662 2657 dieitur:
684 2600 796 2658 Audivi
819 2603 982 2659 orationem
1004 2607 1096 2672 tuom,

92 2676 178 2740 uvidi
200 2685 338 2743 lacrimee
367 2692 451 2761 tuae,
485 2705 545 2745 ecee
575 2703 627 2760 epo
657 2686 795 2744 adiiciam
824 2705 912 2762 sapen
939 2688 998 2745 dies
1030 2695 1097 2746 teos

92 2763 226 2829 wdone
248 2765 387 2849 ennoea),
432 2773 538 2847 Super.
554 2790 641 2847 quem
670 2773 765 2831 locum
793 2773 910 2849 Haymo
940 2776 980 2832 sie
1007 2774 1095 2832 dicit:

91 2839 216 2916 Sciendum
236 2875 320 2933 vere,
353 2858 431 2934 qued
460 2863 533 2918 sieut
553 2858 731 2934 protoplaste
755 2864 837 2935 quasi
857 2863 911 2919 sub
933 2861 1096 2921 conditione

91 2925 168 3026 flamm
187 2952 241 3020 est,
270 2951 303 3004 ut
325 2947 493 3005 immortalis
515 2953 604 3021 esset,
634 2949 658 3004 si
680 2947 792 3006 divinae
814 2951 933 3006 iussioni
953 2948 1097 3024 obediret,

90 3019 120 3112 {¹⁸
136 3025 159 3083 in
176 3033 429 3105 praedestinatione
451 3034 508 3092 Dei
530 3033 560 3091 hi
582 3050 697 3108 queque
719 3038 786 3092 anni
807 3035 866 3094 dati
895 3042 962 3093 sunt
988 3035 1042 3111 illi,
1071 3039 1096 3095 si
1154 3096 1156 3105 ,

90 3116 224 3177 lnnocenter
244 3122 344 3178 vivens
366 3122 481 3180 minime
503 3122 670 3195 superbiret.
715 3121 771 3196 Qui
799 3140 868 3180 vero
898 3129 1014 3199 propter
1042 3141 1095 3182 su-

90 3193 192 3261 perbiam
211 3209 349 3265 subtracti
369 3214 448 3281 suut,
480 3214 598 3282 prepter
629 3208 818 3266 humilitatem
834 3206 855 3287 ⁵)
877 3212 998 3268 restituti
1020 3217 1095 3269 sunt.

89 3269 261 3352 NOVIuIUs:
291 3293 405 3353 Vellem
427 3294 497 3353 mihi
517 3297 580 3368 ista,
603 3297 670 3369 quia
690 3295 832 3369 profunda
854 3303 933 3371 sunt,
966 3315 1002 3356 ex
1023 3300 1095 3356 seri-

89 3366 208 3437 Ptssiarum
236 3383 403 3440 testimoniis
438 3383 564 3456 apertius
592 3383 722 3457 probari,
756 3385 824 3457 quia
859 3384 951 3442 nodus
982 3385 1095 3446 dimnae

88 3458 323 3527 predestinationis
345 3468 441 3527 multis
463 3472 512 3527 via
532 3469 585 3526 fuit
611 3471 722 3527 erroris.
765 3467 998 3531 MONAOHUS:
1032 3471 1096 3532 No·

89 3529 129 3598 dut
147 3547 248 3614 divinae
268 3555 537 3631 praedestinationis
560 3555 628 3613 mihi
641 3572 757 3631 prorsus
771 3557 929 3616 insolubilis
941 3567 993 3617 est.
1022 3560 1094 3636 Quis

103 3720 266 3796 batenus
284 3742 333 3794 ano
350 3742 400 3798 ne.
422 3772 451 3781 -
472 3742 504 3810 a)
522 3741 563 3792 ue
580 3741 696 3810 aeque.
717 3773 748 3782 -
772 3743 803 3811 s)
821 3743 841 3795 e
859 3745 990 3797 frustra.
1011 3776 1041 3786 -
1061 3748 1094 3814 n

139 3800 186 3861 lui.
202 3813 243 3878 38,
260 3816 284 3866 5.
297 3842 327 3852 -
348 3813 379 3882 5)
397 3813 417 3864 P
434 3811 483 3864 add
501 3812 627 3864 iterum.
