2460 4162
1151 84 1166 145 b

122 210 183 270 rsa
423 209 651 272 umrmcrro
669 209 835 288 cussus
910 250 913 257 .

120 331 191 390 Erat
204 337 301 390 autem
314 331 386 391 facie
399 333 526 408 pulcher,
548 339 576 392 et
590 339 699 392 statiua
711 349 856 409 procerus,
876 331 1004 407 atquein
1013 348 1071 392 suo
1086 331 1164 393 idio-

120 423 198 478 mate
219 420 288 476 satis
309 419 457 478 facundus.
497 419 553 479 Hic
576 438 641 479 cum
663 419 812 479 obtulisset
832 421 891 477 iam
912 418 988 478 dicto
1009 418 1164 480 Bernurdo

121 505 226 564 diversi
255 505 357 564 coloris
389 523 534 582 gemmam
545 504 576 586 ¹),
607 513 635 566 et
668 506 785 566 dixisset
808 523 840 565 se
861 504 938 564 illam
959 505 1093 565 attulisse
1126 506 1165 567 de

120 591 220 667 Septia
228 587 265 671 ²),
289 599 317 651 et
338 599 434 652 tantae
457 610 520 653 esse
541 596 669 668 virtutis,
697 601 730 651 ut
751 593 918 652 victoriosos
939 591 1082 667 efficeret,
1101 592 1163 668 'qui

121 694 157 738 ea
183 683 345 755 uterentnr3
372 679 517 755 respondit
545 679 606 738 ille:
635 679 773 754 Domine,
801 685 898 738 vestra
926 694 985 737 non
1005 680 1162 755 recipiam3

120 766 145 824 si
165 770 265 840 potero
291 782 344 825 vos
366 766 444 841 apud
465 768 633 841 magistrum
653 765 858 826 rationabiliter
877 782 1063 841 promovere,
1084 766 1162 825 bene

121 852 310 926 experiemini.
352 851 401 910 Ad
422 853 478 912 hoc
504 853 655 912 videbatur
675 853 814 926 laborare,
835 858 868 910 ut
888 852 1008 911 haberet
1029 854 1161 912 auomri-

119 943 209 996 tatem
227 940 263 997 ab
287 938 335 997 illo
356 939 548 1015 praedicandi.
591 940 701 998 Eadem
724 939 768 998 die
791 955 958 998 concessum
979 944 1023 998 est
1045 941 1073 998 ei
1095 956 1161 998 ser·

119 1041 235 1083 monem
255 1026 355 1085 facere·
363 1026 401 1085 ad
421 1025 568 1102 populum.
611 1026 748 1101 Sequenti
761 1025 807 1084 die
830 1042 894 1085 cum
915 1025 1063 1101 praefatus
1083 1025 1162 1085 Ber-

119 1109 226 1170 nardus
246 1114 276 1170 in
297 1116 427 1187 proxima
448 1116 571 1172 statione
591 1115 712 1172 verbum
734 1112 934 1172 exhortationis
960 1114 1163 1188 proposuisset

39 1256 42 1261 ,
119 1199 219 1273 turbis,
241 1205 270 1258 et
290 1199 406 1275 Sigerus
427 1199 558 1273 adesset,
586 1199 665 1259 finito
699 1216 828 1259 sermone
850 1199 927 1258 idem
946 1197 1066 1275 Sigerus
1086 1215 1160 1275 pro-

119 1302 174 1344 nus
187 1287 216 1342 in
231 1291 336 1343 terram
349 1288 461 1361 corruit,
484 1292 512 1345 ct
525 1289 608 1361 quasi
621 1288 763 1361 obsessus,
780 1289 854 1344 sicut
867 1302 966 1344 revera
979 1285 1041 1360 suit,
1056 1301 1161 1346 omues
1186 1280 1193 1291 '

120 1374 165 1430 sui
193 1375 318 1447 corporis
347 1379 445 1448 gestus
474 1373 614 1431 formavit.
656 1373 727 1432 Mox
755 1389 905 1432 accurrens
933 1373 1070 1448 magister
1092 1370 1160 1432 Oli·

32 1468 35 1473 ·
119 1475 205 1520 verus
226 1466 291 1517 curn
314 1459 430 1534 clericis,
449 1459 592 1518 hominem
607 1462 737 1535 signavit,
760 1464 789 1519 et
809 1461 837 1516 in
860 1459 1010 1518 ecclesiam
1029 1464 1160 1519 tractum

121 1561 218 1604 coram
230 1545 312 1604 altari
326 1545 465 1621 deposuit,
479 1548 528 1604 ubi
541 1546 644 1605 multas
659 1545 851 1621 blasphemias
865 1550 894 1604 et
908 1546 997 1605 verba
1011 1544 1159 1620 quaedam

119 1631 263 1692 horribilia
284 1635 369 1692 miser
394 1632 441 1692 ille
462 1635 490 1691 in
504 1633 601 1692 Deum
624 1637 652 1692 et
665 1635 694 1690 in
714 1632 836 1691 eundem
851 1630 997 1691 Oliverum
1018 1634 1159 1691 evomuit.

120 1719 203 1778 Tunc
225 1736 308 1779 coreo
318 1717 338 1801 ³)
360 1719 473 1796 ligabis,
497 1722 647 1794 curruique
668 1721 824 1795 impositus,
846 1718 885 1777 ad
905 1724 988 1778 notos
1010 1734 1080 1777 suos
1101 1716 1159 1779 de-

120 1812 250 1880 portatus
272 1813 324 1866 est·
368 1807 475 1882 Quom,
496 1813 529 1865 ut
549 1809 642 1880 aiunt,
669 1806 790 1865 daemon
812 1806 911 1881 quinta
933 1804 993 1879 die,
1020 1811 1109 1880 prout
1129 1806 1159 1865 ei

119 1895 294 1967 promiserat,
308 1896 450 1952 exstinxit.
481 1894 525 1952 Ex
540 1896 620 1953 cuius
634 1895 785 1951 vexatione
800 1910 850 1951 seu
863 1884 953 1951 morte
971 1888 1040 1951 satis
1054 1891 1159 1953 datum

121 1975 192 2057 esti)
214 1979 340 2056 intelligi,
362 1979 438 2055 quod
461 1983 521 2038 eius
542 1979 715 2055 praedicatio
730 1996 788 2039 non
808 1979 891 2037 iirerit
913 1978 1081 2053 devotionis,
1102 1977 1159 2038 sed

120 2068 211 2141 magis
236 2068 405 2125 ambitionis.
448 2064 560 2125 Dicitur
589 2072 617 2124 et
644 2072 776 2141 apostata
809 2066 910 2138 fuisse,
940 2071 968 2124 et
997 2064 1157 2124 adomino

118 2152 201 2227 Papa
234 2152 342 2226 literas,
372 2159 404 2210 ut
433 2170 498 2211 eum
526 2155 673 2227 provincia
702 2152 850 2226 toleraret,
879 2153 1042 2210 obtinuisse.
1094 2150 1156 2210 Alii

119 2238 259 2313 dicebant,
282 2238 358 2314 quod
380 2241 466 2298 etiam
486 2239 618 2297 fueritin
640 2256 715 2297 navo
736 2239 785 2298 illa
799 2240 1051 2312 excommunicata,
1075 2255 1153 2313 quae

118 2325 280 2384 Sarraccnis
308 2343 387 2384 arma
413 2325 516 2384 bellica
542 2325 708 2384 vendiderat
736 2328 764 2383 irr
793 2325 899 2401 Septia.
949 2323 1157 2386 NOVIOIUS:

118 2411 216 2486 Miror,
238 2430 326 2487 quare
340 2411 480 2471 Dominus
494 2414 523 2469 in
536 2413 590 2470 isto
610 2411 772 2470 huiusmodi
794 2418 954 2471 contemtus
971 2418 1032 2470 tam
1052 2414 1159 2472 acriter

118 2498 312 2575 vindicaverit,
338 2515 402 2558 cum
424 2498 496 2558 talos
518 2502 575 2556 sint
595 2496 709 2578 hodie⁵)
731 2498 845 2574 plurimi
865 2498 1028 2557 sacordotes
1048 2497 1158 2558 Christi

117 2592 298 2645 sacrosancta
331 2589 467 2662 mysteria
495 2585 687 2661 indignissime
710 2592 879 2659 tractantcs‚
913 2591 941 2643 et
970 2590 1082 2643 tantum
1103 2603 1157 2661 per

118 2675 298 2732 occasionem
325 2673 404 2731 illum
435 2673 640 2749 praedicantes.
682 2670 917 2731 MONACHUS:
946 2670 995 2729 Ad
1016 2677 1157 2732 terrorem

117 2760 236 2818 arbitror
262 2757 397 2840 factum⁶)
428 2760 548 2823 aliorum
575 2758 769 2833 sacerdotum,
797 2766 860 2816 tum
888 2775 924 2816 ne
952 2758 1157 2818 fermentarent

117 2845 194 2904 illam
216 2849 394 2922 purissimam
415 2848 656 2922 praedicationem
677 2849 783 2920 carcia,
806 2862 879 2920 quae
901 2850 1013 2904 tantum
1033 2842 1153 2923 fiebat⁷)

117 2932 154 2992 ad
182 2933 319 2992 honorem
349 2933 467 3009 Christi,
494 2940 557 2992 tum
583 2939 699 3009 propter
728 2934 829 2991 merita
856 2934 913 2990 iarn
947 2932 1014 2990 dicti
1036 2929 1154 2991 Olivcri.

117 3019 210 3094 Quam
232 3019 300 3079 dure
317 3020 445 3079 Christus
471 3027 538 3079 tunc
560 3022 694 3095 temporis
715 3017 902 3077 vindicaverit
924 3017 1004 3077 dolos
1027 3024 1055 3076 ct
1076 3021 1154 3076 iniu-

117 3108 173 3165 rias
201 3107 255 3163 sibi
284 3109 313 3164 in
342 3107 581 3183 praedicatoribus
610 3110 747 3181 irrogatas
756 3103 792 3184 Β),
821 3105 911 3164 habos
941 3104 1103 3180 exemplum
1124 3107 1154 3163 in

119 3192 295 3252 distinctione
320 3193 446 3251 secunda
467 3193 591 3267 capitulo
613 3196 733 3269 septimo
756 3192 792 3251 de
816 3191 992 3251 Godoscalco
1015 3193 1155 3264 usurario,

119 3282 167 3355 qui
196 3279 418 3355 dispensatorem
451 3279 549 3339 dolose
585 3281 782 3355 circumvenit,
812 3279 932 3338 habebis
964 3285 992 3337 et
1018 3278 1097 3337 aliud
1124 3280 1154 3336 in

138 3432 167 3500 1)
180 3430 242 3485 CDR
261 3447 409 3497 gemmam
429 3430 553 3483 divorsi
572 3430 702 3482 coloris.
714 3460 744 3469 -
758 3430 790 3497 2)
802 3429 888 3490 Cauta,
905 3429 965 3481 urbs
977 3429 1151 3480 Mauritaniae.

187 3501 207 3551 D
235 3509 260 3551 ct
283 3516 338 3552 corr
356 3501 377 3552 Α
401 3501 532 3562 Scucin3
551 3502 587 3550 sic
605 3509 630 3551 et
648 3501 719 3551 inira.
739 3530 769 3538 -
790 3500 820 3566 3)
840 3499 923 3551 ACDP
945 3501 1049 3560 corio;
1072 3499 1149 3564 paulo

186 3578 243 3636 post
262 3569 335 3621 iidcnr
355 3570 410 3620 libri
429 3585 599 3637 curruque.
618 3598 648 3607 ·-
669 3571 700 3637 l)
718 3568 759 3621 CR
777 3567 922 3619 datur-
942 3569 973 3636 5)
992 3567 1090 3619 hodie
1109 3585 1150 3620 om

186 3639 257 3690 ADP.
278 3669 307 3678 -
328 3640 359 3706 6)
378 3639 418 3691 CR
437 3655 506 3690 csse
525 3639 653 3690 facturn.
674 3669 704 3678 —
725 3639 756 3704 7)
774 3636 814 3688 cri
832 3639 901 3690 luit.
917 3668 947 3677 -
967 3639 999 3704 8]
1017 3637 1058 3689 CR
1076 3636 1151 3689 illa·

186 3718 243 3760 tns.
262 3709 293 3772 X,
311 3711 358 3760 20:
380 3707 513 3776 „quicquid
532 3711 585 3759 eius
604 3710 706 3775 imagini
724 3708 828 3758 iniuriae
853 3707 1060 3769 vel'contemtus
1084 3709 1151 3759 irro-

185 3784 282 3847 gutur.“
295 3778 385 3830 llonril.
396 3779 435 3831 lll.
455 3795 479 3846 p.
491 3778 554 3831 110:
575 3779 714 3848 „iniuriam
725 3791 799 3853 quam
816 3779 937 3846 irrogavit
948 3777 993 3829 Dei
1005 3777 1148 3846 gmitriciae‘
