2460 4162
434 212 491 321 nu
513 257 783 321 nsanonmus.
1063 258 1126 319 soa
1148 294 1154 303 -

88 386 121 443 in
141 381 357 460 Imperatorem,
378 387 407 442 et
427 385 516 441 issent
537 399 603 441 cum
624 397 658 442 eo
678 380 828 441 Johannes
845 381 1005 456 Episcopus
1022 379 1128 440 Came·

90 472 227 546 recensis,
247 468 390 528 Heuricus
404 468 598 528 Scholastieus
619 470 711 527 sancti
726 466 873 541 Gereouis,
893 470 1029 544 magister
1049 467 1128 526 Her·

90 573 214 616 marmus
250 557 403 615 eanonicus
437 555 613 629 Bonnensis,
646 554 731 614 simul
759 554 879 630 ingressi
914 560 980 612 sunt
1013 553 1128 614 scholas

92 641 242 704 cuiusdam
272 641 496 701 haeresiarchae.
541 636 638 700 Locus
660 657 745 716 quem
767 647 835 698 tuno
856 639 978 716 legebat,
996 641 1021 698 is
1050 646 1124 699 erat:

91 728 168 788 Jom
194 728 336 788 iudicium
361 728 466 787 muudi
486 731 589 800 oenit;
610 731 672 786 tom
688 730 826 803 prinecps
848 727 952 786 inuade·
972 728 1059 785 buius
1075 730 1127 786 eia>

92 819 187 875 daur
218 815 305 892 foras
318 811 347 890 ¹).
390 814 483 890 Quem
518 813 614 873 locum
644 816 685 872 ita
713 814 865 889 glossavit:
894 813 970 873 Ecce
1000 812 1128 872 Christus

93 900 240 961 diabolum
257 903 412 975 principem
433 900 517 959 huius
539 900 637 959 mundi
659 903 783 973 vocavit,
804 902 871 975 quia
891 899 969 959 hunc
989 899 1128 958 mundum

92 989 210 1049 creavit
253 986 326 1046 Cum
344 1001 401 1062 qno
418 988 581 1063 praedictus
596 987 778 1046 Herrnannus
790 989 859 1044 satis
874 985 943 1045 dure
965 985 1128 1062 disputavit,

93 1080 131 1150 et,
152 1076 227 1134 sicut
239 1070 308 1131 mihi
321 1074 425 1148 retulit,
447 1074 525 1150 quod
538 1075 618 1133 Deus
634 1079 757 1133 creasset
770 1075 864 1131 omnia
876 1079 987 1132 tantum
1000 1073 1089 1132 verbo
1098 1069 1128 1152 ²),

91 1160 218 1225 visibilia
246 1167 275 1220 et
299 1161 459 1236 invisibilia,
481 1160 639 1237 corporalia
658 1167 686 1218 et
703 1159 873 1235 spiritualia,
897 1177 955 1218 non
976 1158 1071 1218 solum
1093 1175 1129 1217 ex

94 1249 250 1324 scripturis,
270 1246 322 1305 sed
338 1244 450 1326 etiam³)
474 1265 509 1306 ex
524 1251 633 1306 ratione
648 1247 859 1329 demonstravit.
886 1244 969 1305 Haeo
984 1244 1130 1305 dictasint

93 1334 132 1394 de
144 1333 301 1407 haereticis,
316 1335 364 1407 qui
382 1334 510 1393 membra
525 1340 591 1393 sunt
604 1333 719 1393 diaboli.
754 1333 820 1391 Hoc
832 1335 906 1391 enim
916 1334 1038 1408 noveris,
1052 1330 1129 1407 quod

92 1419 184 1481 multo
195 1421 331 1478 intensius
345 1438 428 1478 suam
443 1421 572 1480 diabolus
592 1426 722 1480 exerceat
740 1420 876 1478 malitiam
884 1416 906 1499 ⁴)
924 1421 953 1477 hi
970 1420 1130 1493 haereticis,

93 1524 182 1585 quam
203 1509 232 1565 in
247 1509 444 1583 energuminis.
477 1507 677 1566 NOVICIUS:
700 1507 827 1565 Possunt
840 1507 1022 1582 energumini,
1035 1506 1064 1563 id
1078 1511 1130 1579 est,

93 1595 205 1654 obsessi
215 1609 234 1651 a
244 1592 367 1668 diaholo,
384 1594 489 1654 hahere
501 1593 668 1654 caritatem?
681 1591 917 1653 MONAOHUS:
933 1592 1042 1668 Etiam3
1056 1594 1130 1650 sicut

93 1675 256 1760 superius⁵)
278 1679 385 1741 dictum
406 1687 458 1756 est,
479 1697 537 1740 non
551 1683 581 1739 in
593 1681 752 1755 animabus,
774 1678 872 1739 sedin
890 1679 1055 1755 corporibus
1078 1683 1130 1738 est.

425 1923 658 1984 CAPITULUM
678 1923 796 1983 XXVI.

115 2041 165 2125 De
180 2063 293 2138 puello,
316 2080 408 2138 quam
422 2062 557 2122 diabolus
577 2066 702 2123 introvit
722 2081 790 2122 cum
813 2068 884 2123 essct
905 2064 1109 2137 quinquennis.

160 2232 266 2293 Mulier
295 2233 438 2308 quaedam
460 2237 488 2294 iu
514 2237 633 2296 Briseke
655 2239 724 2296 satis
746 2235 895 2295 crudehter
915 2234 972 2293 hoc
993 2229 1130 2312 angore⁶)

93 2319 264 2379 vexabatur.
296 2319 380 2380 Hanc
396 2322 526 2382 diabolus
549 2330 708 2383 comesset
730 2324 927 2399 quinquennis,
956 2321 1011 2379 hoc
1034 2320 1132 2379 ordine

93 2406 218 2465 intravit
260 2406 315 2466 Die
338 2409 462 2483 quadam
484 2427 548 2468 curn
570 2410 615 2470 lac
636 2410 838 2485 manducaret,
859 2416 941 2485 pater
962 2410 1023 2466 eius
1044 2409 1133 2465 iratus

94 2491 179 2551 dixit:
208 2492 364 2552 Diabolum
386 2495 520 2555 comedas
548 2498 576 2554 in
601 2504 730 2556 ventrem
752 2504 841 2555 tuum.
883 2495 955 2553 Mox
975 2493 1101 2570 puellula
1111 2488 1131 2570 ⁷)

93 2581 185 2639 sensit
208 2582 268 2639 eius
289 2583 455 2658 ingressum,
478 2589 506 2641 et
531 2601 623 2659 usque
644 2583 683 2643 ad
700 2589 841 2642 maturam
863 2587 988 2641 aetatem
1016 2581 1054 2638 ab
1082 2578 1132 2638 illo

94 2672 211 2740 veram,
231 2666 287 2725 hoc
301 2685 375 2726 auno
397 2671 520 2744 primurn
540 2673 647 2729 meritis
668 2668 872 2745 Apostolorum
893 2668 971 2726 Petri
992 2672 1020 2724 et
1041 2665 1132 2739 Pauli,

95 2768 220 2827 quorum
247 2753 343 2812 limina
371 2758 511 2829 visitavit,
540 2757 659 2815 liberata
688 2764 739 2815 est.
791 2755 861 2832 Quis
890 2754 983 2813 dicere
1012 2752 1131 2824 audeat,

94 2840 223 2914 quinque
244 2857 384 2898 annorum
397 2842 564 2902 infantulam
581 2845 755 2919 baptizatam
769 2859 826 2900 non
841 2841 947 2900 habere
963 2836 1132 2898 caritatem?

94 2923 144 2984 De
174 2942 232 3000 qua
259 2927 336 2986 idem
362 2927 485 2987 daemon
507 2929 635 2988 dicebat:
656 2925 705 2988 Me
729 2945 857 3005 egresso,
886 2944 1033 3001 nunquam
1054 2923 1132 2984 aliud

95 3017 163 3087 post
190 3011 265 3070 hane
293 3015 382 3072 vitam
410 3017 512 3075 sentiet
540 3019 742 3092 purgatorium.
787 3015 906 3074 Obsessi
938 3019 1058 3089 peccata
1080 3029 1134 3071 sua

96 3097 282 3173 confitentur,
313 3108 396 3159 orant
420 3110 449 3160 et
470 3106 688 3163 communicant.
732 3102 817 3179 Quod
839 3101 969 3160 diabolus
992 3098 1133 3174 quosdam

95 3182 155 3243 Dei
186 3188 371 3260 permissione
402 3190 432 3246 in
460 3191 627 3264 corporibus
653 3192 712 3249 suis
739 3189 850 3263 laedat,
879 3186 1050 3263 quibusdam
1082 3186 1134 3245 tibi

97 3271 248 3331 osteltdam
270 3273 415 3349 exemplis.

114 3558 1133 3633 ¹)10h211·¹231·—2]consummatorum.-SJertamadd

166 3628 202 3693 03
219 3630 295 3699 paulo
312 3643 370 3699 post
383 3634 447 3686 ADP
465 3639 666 3689 monstravit.
687 3667 717 3676 -
737 3637 801 3704 101)
821 3643 950 3685 exercet
968 3631 1135 3693 malitiam,

166 3697 208 3752 BP
231 3700 387 3754 malitiam
411 3714 575 3757 exerceat.
600 3736 631 3745 -
657 3707 688 3772 5]
712 3705 753 3758 BC
777 3707 807 3756 iu
839 3700 1083 3771 superioribus.
1104 3727 1135 3737 -

168 3768 269 3835 6)hoc
286 3786 405 3839 augore
422 3789 462 3825 om
476 3774 508 3839 G;
527 3778 607 3829 ceteri
625 3775 684 3831 libri
701 3792 793 3831 omues
807 3773 909 3829 habeut
920 3772 991 3824 hoe
1006 3780 1105 3820 uuus.
1124 3789 1156 3801 -

165 3837 249 3904 7)Βῦ
261 3841 386 3910 puella,
405 3843 556 3913 Opuella
575 3847 645 3902 illu.
