2460 4162
14 242 17 246 ·
121 223 182 282 ses
430 217 657 280 nrsrnrocro
680 218 845 298 Qunam
940 242 962 252 -·

120 341 235 402 nomine
255 337 418 417 Rudolpho,
439 347 500 402 arte
520 341 642 416 medico,
662 359 681 402 a
703 359 760 417 quo
781 344 811 401 in
832 339 960 403 desdam
981 340 1164 403 Confessoris

120 430 192 490 sesto
229 427 321 487 irrorat
353 429 503 502 inritatus,
537 429 568 488 in
604 445 705 488 mensa
718 425 733 508 ¹)
768 446 814 490 me
849 429 985 490 audiente
1019 432 1163 492 recitarit.

120 513 321 600 NOVIOIUS:
351 514 425 590 Quia
460 515 547 575 huius
579 515 750 576 venerabilis
784 515 940 576 sacerdotis
965 517 1044 575 sarna
1074 516 1164 577 valde

121 602 239 662 celebris
261 607 305 660 est
324 603 353 660 in
375 603 446 661 urbe
469 601 595 676 Colonia,
615 608 699 678 peto,
730 609 764 662 ut
785 605 810 662 si
831 603 929 682 abque
949 601 985 662 de
1005 601 1055 667 illo
1085 605 1163 663 nosti
1197 652 1213 677 ,

120 688 325 762 aedificatoria,
355 687 448 748 dicere
477 689 545 747 mihi
574 706 632 748 non
659 691 808 766 pigriteris.
849 687 1087 750 MONAOHUS:
1115 689 1163 750 Ex

61 842 62 846 Ἰ
121 775 255 852 operibus
269 777 330 835 eius
346 775 473 850 plurimis
481 770 502 853 ἱ)
523 793 618 852 pauca
638 778 761 851 percepi,
782 793 856 851 quae
877 782 973 836 tecum
997 780 1163 836 communi·

121 863 203 923 cabo.
244 858 353 940 Dum⁸)
378 862 424 922 die
446 861 571 937 quadam
593 879 695 938 corpus
715 863 833 921 Domini
864 863 984 922 detenet
1005 865 1035 922 in
1062 863 1162 940 pixide

121 947 313 1009 adinfirmum
336 949 611 1024 commmuoandum,
632 956 661 1010 ct
682 949 842 1010 devenisset
861 951 891 1007 in
911 950 1037 1011 Stratam
1056 949 1162 1011 Altam

122 1043 151 1095 et
171 1042 332 1112 angustam,
353 1052 440 1110 quam
454 1052 508 1111 ego
530 1039 644 1111 saepius
657 1036 811 1111 ambrdavi,
832 1042 964 1112 essetque
975 1036 1075 1112 platea
1096 1039 1162 1098 eius

121 1125 204 1181 nimis
214 1122 309 1181 lutosa
318 1128 405 1197 atque
415 1120 592 1202 profundat),
605 1124 706 1193 obrios
717 1123 818 1183 babuit
827 1124 1072 1184 acinosfrumcnto
1080 1141 1161 1185 one·

121 1217 208 1269 ratos.
229 1209 312 1269 Saeci
327 1211 401 1268 cuim
414 1212 553 1284 parietem
565 1227 599 1268 ex
613 1216 696 1285 parte
706 1206 792 1289 una⁵)
808 1212 1018 1286 contingebant,
1030 1229 1069 1270 ax
1082 1211 1161 1272 alte-

122 1316 153 1356 ra
182 1296 218 1355 de
239 1302 328 1354 strata
357 1295 564 1371 dependebant.
613 1295 763 1356 Schelaris'
777 1314 862 1372 vero,
889 1299 938 1372 qui
964 1297 1162 1373 praecedebat

122 1380 225 1463 eumd·
240 1399 305 1442 cunr
326 1382 443 1456 laterna,
455 1399 560 1459 magno
583 1400 649 1441 cum
670 1383 777 1458 labore,
799 1401 874 1442 nnnc
888 1386 985 1444 minos
998 1384 1161 1460 impellens,

85 1532 89 1537 ,
121 1487 197 1530 nunc
224 1470 261 1530 ab
290 1471 359 1545 ipsis
388 1468 527 1544 impulsus
555 1472 744 1545 pertransivit.
786 1469 930 1531 Sacerdos
947 1471 1020 1530 haec
1040 1471 1160 1545 videns,

103 1565 151 1616 ‚et
172 1555 251 1633 quod
271 1558 316 1615 vir
338 1573 426 1615 senex
448 1562 524 1615 esset
545 1573 580 1616 ac
602 1555 702 1629 debilis
724 1557 914 1632 considerans,
934 1556 1041 1633 pellere
1063 1560 1161 1635 coepit

122 1661 160 1711 ac
178 1652 314 1718 tremere,
336 1645 437 1703 timens
459 1645 496 1702 ab
518 1646 607 1703 azima
627 1643 747 1719 impelli,
769 1651 797 1703 et
817 1645 847 1702 in
868 1644 919 1703 luti
939 1643 1016 1703 illius
1035 1645 1160 1721 profun-

122 1732 240 1791 ditatem
262 1748 327 1790 cum
348 1737 527 1790 sacramento
547 1731 736 1806 praecipitari.
777 1730 902 1790 Necesse
924 1737 986 1790 erat
1005 1737 1039 1791 ut
1060 1737 1159 1793 tenta·

122 1821 161 1878 tio
183 1817 248 1878 talis
269 1819 376 1876 iustum
397 1818 547 1893 probaret,
576 1823 715 1892 quatenus
736 1815 808 1876 fides
837 1819 898 1877 eius
918 1817 1041 1894 amplius
1062 1810 1160 1880 clare·

123 1912 223 1965 sceret.
267 1903 392 1963 Cernens
410 1904 568 1963 humanum
584 1903 682 1963 deesse
703 1904 849 1980 auxilium,
870 1905 908 1964 ab
931 1922 966 1965 eo
979 1922 1068 1981 quem
1089 1922 1163 1982 por·

122 1993 204 2050 tabat
224 1993 386 2066 inspiratus,
404 1993 433 2048 in
445 1990 518 2050 hacc
539 1992 630 2050 verba
641 1991 784 2066 prorupit:
807 1990 883 2066 Quid
904 1991 1046 2068 estquod
1067 1994 1163 2069 agitis,

124 2097 140 2135 o
164 2076 259 2136 azini?
308 2076 456 2152 Numquid
483 2094 541 2135 non
563 2077 747 2137 consideratis
770 2095 856 2152 quem
882 2084 994 2154 gestem
1014 2080 1044 2137 in
1065 2081 1162 2139 mani-

123 2160 230 2243 bus⁷)?
262 2162 362 2236 State,
395 2160 603 2243 deseenditess),
636 2164 702 2223 dato
728 2163 866 2224 honorem
896 2164 1023 2225 Creatori
1052 2174 1163 2227 vestro.

122 2251 156 2309 In
186 2253 246 2310 eius
275 2248 416 2324 siquidem
443 2253 558 2309 nomine
587 2252 669 2310 vobis
697 2254 850 2326 praecipio.
894 2251 968 2310 Mira
996 2251 1164 2313 obedientia

123 2336 287 2397 animalium
322 2338 479 2395 brutorum.
532 2336 581 2394 Ad
616 2354 719 2397 vocem
755 2338 910 2398 sacerdotis
944 2339 1028 2397 simul
1059 2356 1163 2400 omnes

123 2431 269 2498 steterunt,
291 2423 375 2482 simul
383 2421 404 2502 9)
422 2422 637 2483 descenderunt.
679 2423 811 2484 Accessit
824 2425 992 2485 miraculum
1012 2426 1164 2487 miraculo.

125 2513 197 2570 Cum
209 2516 285 2570 esset
299 2511 454 2570 descensus
472 2510 641 2584 laboriosus,
662 2528 719 2570 non
733 2517 800 2570 sunt
820 2512 893 2588 lapsi
913 2513 988 2571 sacci
1010 2513 1046 2572 de
1069 2512 1164 2574 dorsis

124 2601 267 2658 acinorum
283 2595 321 2677 ¹⁰).
351 2597 478 2673 Quorum
492 2597 683 2657 obedientiam
694 2600 738 2656 vir
750 2607 866 2657 sanctus
877 2598 1029 2673 admirans,
1045 2599 1163 2660 Deum·

124 2705 180 2762 que
217 2685 395 2762 glorificans,
424 2688 484 2744 sine
511 2684 637 2761 periculo
671 2685 708 2744 ad
739 2685 880 2744 infirmum
909 2688 1045 2760 pervenit.
1095 2687 1163 2748 Hoc

123 2773 231 2833 tactum
267 2775 337 2831 satis
374 2772 486 2831 celebre
523 2779 566 2831 est
597 2789 688 2848 usquc
716 2771 802 2831 hodie
831 2774 860 2830 in
890 2774 1004 2832 civitate
1032 2772 1163 2835 Colonia.

125 2862 255 2935 Quantae
277 2860 360 2918 fucrit
381 2859 562 2934 humilitatis,
587 2858 670 2918 lectio
692 2875 815 2934 sequens
838 2859 1000 2918 declarabit.
1042 2859 1164 2921 Solebat

125 2964 159 3005 ex
174 2946 379 3006 consuetudine
396 2963 537 3021 pauperes
554 2946 592 3005 ad
612 2945 763 3021 prandium
784 2963 868 3004 sunnr
890 2963 1003 3017 vocare.
1046 2946 1164 3008 Inducti

3 3096 8 3107 ,
124 3040 190 3090 surrt
204 3032 250 3091 dic
272 3032 398 3106 quadam
413 3032 478 3107 duo,
501 3049 536 3091 ex
558 3034 661 3108 quibus
683 3049 756 3091 unus
778 3034 819 3091 ita
840 3040 902 3091 erat
922 3032 1058 3108 infirmus,
1079 3036 1162 3111 ipso-

125 3136 181 3194 que
202 3125 322 3193 aspeetu
336 3125 396 3177 tam
416 3118 556 3190 horridus,
579 3126 611 3177 nt
632 3119 703 3178 alter
725 3136 790 3178 cum
811 3119 859 3177 illo
880 3120 1054 3180 manducare
1075 3138 1163 3182 recn-

125 3211 209 3264 sarct.
251 3205 358 3265 Fuerat
380 3206 420 3264 eis
447 3206 577 3264 mensula
599 3223 634 3264 ex
655 3207 785 3281 opposito
808 3205 964 3266 sacerdotis
981 3216 1163 3283 praeparata.

126 3292 211 3367 Quod
233 3309 298 3352 cum
313 3293 357 3351 vir
369 3292 425 3351 Dei
444 3292 660 3366 considerasset,
681 3309 836 3367 pauperem
864 3292 1031 3369 despectum
1052 3312 1164 3355 vocans

145 3516 175 3580 1)
194 3517 223 3564 in
242 3529 351 3564 mensa
369 3513 417 3563 add
435 3512 484 3564 Bc.
505 3543 534 3552 -
554 3513 586 3580 2)
605 3514 754 3581 plurimis
771 3514 821 3566 add
839 3513 957 3566 ΑΒΙ).-
977 3515 1008 3584 3)
1026 3514 1065 3568 GP
1084 3532 1161 3568 cum.

197 3613 227 3622 -
248 3583 280 3650 4)
298 3581 506 3645 C·immnnda;
529 3583 595 3634 coni.
614 3584 662 3648 lx,
684 3586 726 3638 51.
746 3615 776 3624 -
805 3585 837 3651 5)
856 3583 896 3637 ssu
914 3600 950 3634 ex
976 3601 1038 3636 una
1064 3594 1162 3652 parte

195 3654 359 3718 parietem.
379 3652 455 3704 Paule
473 3662 530 3718 post
548 3653 568 3707 C
585 3669 622 3704 cx
640 3653 745 3706 altera
763 3662 863 3721 parte.
884 3684 914 3693 -
934 3654 965 3721 6)
983 3669 1051 3706 eum
1065 3654 1117 3707 add
1134 3655 1162 3709 C.

197 3751 227 3760 -
247 3723 279 3789 7)
303 3721 367 3773 Ab?
391 3721 537 3773 manibus
560 3726 648 3774 meis.
668 3753 697 3762 -
725 3724 757 3790 8)
775 3722 949 3791 subintellige.
973 3723 1004 3776 de
1028 3725 1112 3792 platee
1136 3727 1162 3777 in

196 3791 283 3843 lutum.
296 3823 325 3832 -
341 3791 372 3859 9)
390 3791 410 3844 Β
429 3791 523 3843 simul
541 3807 660 3844 omnes.
677 3823 709 3831 -
730 3793 779 3862 10)
796 3792 817 3845 B
835 3809 952 3845 eorum.
