2438 4170
91 219 152 277 aar
399 166 627 279 nrsnmorno
650 175 817 295 onnam
850 186 856 201 ‘

90 347 188 399 tamen
214 339 240 399 ei
268 337 387 416 profuit,
415 340 473 398 imo
500 341 592 416 magis
621 338 726 414 obfuit,
754 339 824 415 quia
848 346 916 415 post
935 354 1045 416 pannos
1063 336 1112 399 dier
1143 356 1145 369 ·

91 426 243 486 defunctus
263 432 316 485 est
357 425 463 502 Sioque
489 443 577 485 suasu
598 427 707 502 antiqui
728 428 870 504 serpentis
890 433 1005 503 tempus
1023 426 1108 502 poeni·
1139 470 1145 563 ¹

91 515 197 573 tentiae
209 513 316 573 factum
330 518 374 572 est
389 511 430 571 illi
450 519 564 589 tempus
579 512 717 573 luxuriae.
758 512 907 574 Judieium
928 515 1038 573 animae
1053 511 1104 573 Deo

91 601 247 660 oommitto.
288 598 371 659 Haeo
399 601 429 658 in
458 598 559 660 eadem
587 599 689 676 domo,
716 601 746 658 in
775 617 834 676 qua
853 599 1034 676 Praepositae
1051 599 1100 675 fuit,

90 705 109 746 a
130 686 256 763 quodam
282 685 430 746 sacerdote
452 685 580 746 eiusdem
601 686 707 746 ordinis
727 686 797 746 mihi
818 686 910 747 relata
930 693 1009 762 sunt,
1034 702 1097 761 pun
1143 730 1145 743 .

92 781 121 834 et
141 791 196 851 ego
217 773 289 833 faeie
311 780 339 832 et
360 775 475 832 nomine
496 776 574 834 novi.
624 772 829 835 NOVIOIUS:
863 773 953 834 Eume
979 771 1094 850 praediola

89 861 231 920 sententia
244 862 336 920 saneti
346 859 424 920 Job:
448 860 585 920 Tentntio
604 867 646 920 eet
665 864 729 920 vito
749 863 875 920 hominio
895 879 983 936 super
1002 867 1092 931 terrm

92 946 129 1008 de
156 954 277 1023 utroque
302 964 373 1006 sexu
393 946 598 1025 intelligenda?
625 946 862 1008 MONACHUS:
888 947 954 1024 Est,
980 949 1038 1024 qnia
1053 945 1091 1006 hoo

89 1051 195 1094 nomen
208 1034 306 1108 homo,
326 1039 479 1110 utrumque
493 1051 593 1094 sexum
614 1034 838 1111 comprehendit,
859 1041 889 1094 et
909 1033 1012 1095 endem
1028 1033 1090 1092 uoti·

90 1123 145 1182 bus
165 1128 381 1197 uterquesexns
393 1121 532 1181 subiacet.
574 1120 655 1182 Siout
668 1123 743 1181 enim
757 1121 890 1181 diabolus
906 1137 957 1198 per
974 1114 1088 1197 femmal
1126 1138 1129 1143 ·

90 1210 167 1267 viros
188 1207 284 1268 deiioit
307 1215 336 1267 et
357 1215 486 1284 enervat,
514 1210 555 1268 ita
574 1225 627 1284 per
645 1210 724 1268 viros
744 1208 896 1268 mulierum
916 1205 1088 1267 multitudinem
1123 1240 1126 1245 -

88 1295 224 1354 lucratur.
266 1294 351 1355 Unde
379 1294 415 1354 de
429 1294 491 1355 ¹illo
519 1295 558 1354 ad
566 1290 587 1375 ²)
608 1294 668 1356 Job
690 1312 709 1355 a
729 1295 856 1355 Domino
878 1295 991 1355 dieitur:
1016 1293 1089 1352 Virta

91 1385 153 1441 eiua
166 1385 198 1440 io
208 1381 313 1441 turano
326 1385 397 1455 eiua,
411 1389 439 1441 et
450 1382 599 1459 fortitudo
611 1376 690 1442 illiue
703 1387 735 1442 to
748 1381 891 1442 embolion
902 1384 1006 1442 ominis
1015 1372 1087 1455 tirel·

90 1469 183 1544 Super
197 1486 283 1545 quem
295 1468 392 1528 loonm
409 1469 477 1528 dioit
492 1475 609 1528 sanetus
627 1467 791 1547 Gregorius,
811 1470 880 1528 viris
901 1485 963 1529 esse
981 1465 1088 1527 lunulam

88 1557 119 1614 in
139 1555 253 1632 lumbis,
273 1557 385 1617 seminis
409 1558 439 1614 in
467 1552 647 1636 umbriam).
690 1556 772 1635 Quae
790 1562 931 1632 quantum
951 1552 1088 1632 madon

88 1649 240 1719 tententur,
262 1643 398 1720 exemplis
418 1643 471 1703 tibi
490 1642 626 1719 pandam.

445 1833 678 1896 CAPITULUM
699 1833 762 1896 ΟΠ,

89 1959 136 2017 De
150 1957 241 2017 nobiti
251 1959 422 2031 ooatellmo,
443 1977 522 2034 qaae
533 1959 686 2018 stimulam
703 1960 801 2017 eamn
817 1961 851 2017 tn
865 1976 949 2034 nque
964 1953 1092 2017 reram

153 2078 288 2139 Matrona
307 2079 450 2155 quaedam
470 2079 581 2156 nobile,
602 2081 676 2140 sium
696 2079 765 2138 mibi
785 2077 883 2139 retulit
904 2077 1032 2139 sacerdos
1048 2072 1094 2151 qu·

91 2165 158 2224 dam
179 2166 339 2243 religiosus,
362 2166 407 2226 die
430 2166 554 2243 quadam
576 2184 643 2226 oum
662 2169 692 2225 in
714 2173 821 2241 castro,
841 2168 871 2225 in
892 2183 951 2242 quo
971 2162 1097 2230 meoet,

90 2252 153 2312 sola
175 2259 263 2328 esset,
292 2260 321 2313 et
341 2256 437 2313 nescio
460 2253 528 2330 quid
550 2260 648 2331 ageret
666 2254 714 2313 vel
736 2256 882 2331 cogitaret,
903 2255 1014 2330 spiritus
1032 2247 1099 2311 iorni·

90 2342 209 2399 cationis
241 2340 333 2400 solam
364 2341 443 2400 illam
475 2358 537 2401 esse
574 2358 631 2400 non
658 2343 796 2416 permisit.
838 2340 914 2400 Nam
942 2342 1034 2400 subito
1056 2343 1100 2396 an

89 2426 185 2486 valide
207 2434 250 2486 est
270 2427 459 2505 inflammata,
491 2434 525 2488 ut
555 2427 612 2487 huo
631 2428 756 2503 illucque
778 2426 954 2502 discurrens,
982 2433 1052 2487 stare
1069 2416 1103 2481 rel

88 2513 189 2573 sedere
208 2531 267 2574 non
281 2523 387 2591 posset,
409 2533 443 2575 ae
464 2517 489 2574 si
510 2516 614 2574 terrum
637 2515 762 2574 candens
783 2517 812 2572 in
835 2532 888 2574 suo
909 2517 1016 2575 femore
1036 2525 1104 2572 exeo·

88 2603 185 2677 pissot.
229 2601 359 2678 Cumque
387 2604 482 2679 ignem
508 2604 613 2661 amoris
635 2601 755 2662 tolerare
776 2618 834 2660 non
855 2608 970 2678 posset,
997 2599 1034 2661 ad
1052 2611 1106 2675 por·

88 2691 192 2748 tarium
215 2692 314 2764 castri,
343 2692 482 2749 castitatis
504 2690 608 2763 oblita,
637 2688 797 2763 descendit,
826 2695 855 2748 et
875 2696 908 2749 ut
929 2691 983 2748 sibi
1004 2683 1108 2748 oomni·

87 2778 160 2835 soeri
181 2776 279 2851 vellet,
307 2794 373 2836 enm
397 2777 488 2835 multa
508 2778 644 2835 instantia
664 2775 843 2851 supplicavit.
887 2775 941 2835 Cui
960 2775 1023 2850 ille,
1049 2774 1128 2832 stou.

88 2864 262 2937 virbonus,
290 2864 450 2939 respondit:
479 2863 556 2939 Quid
585 2870 628 2922 est
649 2862 727 2939 qnod
747 2862 881 2938 loqueris,
902 2859 1038 2921 domina?
1064 2856 1111 2919 Ubi

89 2956 133 3008 est
166 2967 266 3008 seusus
299 2949 388 3009 tuus?
418 2950 541 3025 Respice
574 2950 686 3025 Deum,
721 2948 836 3009 attende
866 2948 1007 3009 honorem
1034 2953 1112 3006 tuurn

87 3034 142 3094 Illa
162 3035 232 3093 nihil
259 3036 361 3095 horum
383 3055 498 3111 ornans,
528 3054 593 3097 oum
615 3055 634 3096 a
655 3039 778 3113 portario
800 3035 952 3111 repulsam*
967 3039 1114 3111 pateretur,

87 3128 160 3181 nutu
180 3121 251 3196 Dei,
274 3123 310 3183 de
333 3130 426 3183 castro
449 3127 561 3199 exiens,
582 3123 620 3182 ad
641 3124 748 3182 flumen
768 3124 972 3199 praeterfluens
994 3121 1116 3190 ouourril,

87 3211 170 3285 aquis
191 3208 292 3286 gelidis
313 3227 344 3269 se
367 3213 520 3286 immersit,
541 3215 571 3269 in
592 3212 696 3286 quibus
717 3209 828 3270 tamdiu
849 3211 938 3286 sedit,
968 3209 1059 3269 donee
1077 3206 1126 3266 fo·-

89 3299 189 3354 mitem
199 3297 324 3356 ardentis
345 3296 468 3358 libidinis
485 3300 674 3375 restringeret.
716 3297 799 3357 Tune
820 3296 858 3356 ad
878 3298 1037 3375 portarium
1058 3291 1117 3355 red·

91 3384 167 3458 iens,
207 3382 294 3443 etde
318 3384 433 3460 repulsa
453 3388 559 3462 gratias
580 3403 682 3462 agens,
720 3387 774 3443 ait:
802 3383 834 3444 Si
855 3383 939 3444 dares
959 3383 1030 3442 mihi
1049 3379 1118 3441 millo

89 3486 201 3530 mmoas
230 3472 308 3545 auri,
334 3471 420 3530 modo
447 3462 512 3531 non¹
526 3479 654 3548 paterer,
686 3470 765 3547 quod
785 3472 872 3546 paulo
894 3479 961 3531 ante
982 3477 1011 3531 te
1032 3471 1119 3529 facere

89 3560 197 3634 rogavi.
239 3557 278 3617 Et
291 3561 502 3618 reversaestin
521 3561 617 3620 loonm
638 3576 731 3618 sunm.
774 3559 914 3635 Facitque
934 3559 999 3636 pius
1021 3556 1119 3617 Domi·

106 3727 138 3795 1)
155 3726 220 3780 ADP
237 3726 394 3778 feminam.
408 3757 439 3766 —
459 3727 543 3794 mc
560 3745 623 3796 per.
639 3758 667 3767 -
689 3728 721 3795 3)
738 3727 787 3780 tob
804 3728 848 3792 40,
867 3728 908 3780 11.
922 3757 953 3768 -
970 3727 1003 3796 4)
1021 3726 1120 3796 Grogm

153 3799 180 3851 in
197 3796 295 3869 Ernng.
314 3796 404 3850 Hamil.
421 3797 488 3863 xm,
505 3799 529 3850 1.
