2438 4170
697 96 711 125 Q
799 138 801 143 .

121 246 184 304 374
443 242 670 305 DISTINGTIO
698 240 834 304 sust

121 364 285 425 huiusmodi
305 364 490 425 truiatoribus
512 365 634 441 plurima
655 366 857 440 deceptionum
878 381 999 440 genera,
1021 364 1160 438 tempori-

121 453 178 512 bus
198 454 302 512 nostris
323 459 420 529 gesta,
440 454 493 511 tibi
515 453 608 512 dicere
629 470 759 527 possem,
781 452 833 511 sed
854 468 913 510 non
934 458 1001 510 sunt
1023 449 1160 521 aedifica-

123 542 204 599 toris.
245 541 298 600 Vis
326 557 403 599 nunc
431 539 530 598 audire
558 539 637 614 quali
661 557 757 614 poena
777 538 860 598 Deus
888 555 976 613 saepe
1003 539 1108 613 puniat
1132 538 1160 595 in

122 629 265 703 praesenti
291 628 392 686 vitium
413 625 585 701 duplicitatis
615 631 644 684 et
664 623 806 684 astutiae?
850 623 1058 686 novicius:
1086 622 1159 683 Volo

122 720 152 773 et
172 712 311 774 desidero.
353 711 689 793 MONAcflusz-Aon
712 730 789 789 ergo.

439 868 672 929 suerranum
694 863 839 948 xxur)

196 993 244 1051 Dc
264 993 389 1064 bomine,
411 995 464 1066 qui
481 1010 536 1066 per
557 998 717 1066 serpentem
735 993 860 1066 punitus
883 996 925 1048 esi
946 993 979 1048 in
1001 989 1085 1059 colia

365 1069 451 1154 'puto
473 1079 570 1161 dolose
593 1085 693 1153 eperat
706 1081 746 1135 in
767 1083 903 1135 inuicem.
959 1074 963 1086 '

185 1197 307 1259 Juvenis
329 1198 445 1274 quidam
468 1198 620 1258 saecularis
643 1198 678 1257 dc
695 1198 818 1257 Mosella
839 1204 934 1272 natus,
955 1199 979 1255 si
1001 1197 1074 1256 benc
1093 1211 1146 1254 me·

122 1289 191 1345 mini
211 1289 326 1345 nominc
340 1286 492 1360 Henricus,
512 1293 633 1345 matrem
647 1285 803 1360 simplicem
824 1285 921 1343 verbis
937 1283 1053 1365 quidem
1065 1281 1144 1341 melli·

123 1375 172 1448 tis,
201 1373 253 1432 sed
274 1375 429 1432 intentione
450 1379 608 1447 venenata,
636 1372 686 1430 tali
712 1371 798 1431 modo
822 1373 1016 1430 circumvenit.
1056 1368 1142 1442 Mater,

23 1510 28 1521 ,
121 1462 227 1536 inquit,
255 1466 322 1535 peto
344 1466 377 1518 ut
398 1460 529 1518 omnibus
551 1461 608 1525 tuis
629 1459 721 1533 bouis,
742 1458 833 1518 feodis
855 1458 964 1517 scilicet
985 1463 1014 1516 et
1034 1455 1140 1529 allodiis,

122 1547 294 1607 sollemniter
308 1548 476 1606 renuncians
490 1543 515 1626 ¹),
526 1563 573 1605 me
594 1545 643 1604 illa
661 1547 805 1621 suscipere
819 1547 904 1620 sinas,
919 1550 952 1602 ut
969 1536 1139 1621 divitiarum)

123 1637 216 1710 gratia
236 1638 368 1692 uxorem
382 1633 486 1692 ducere
514 1632 627 1691 valeam
655 1633 855 1691 honestiorem.
899 1630 1003 1690 Omnia
1022 1647 1083 1711 mea
1099 1634 1138 1687 tut

122 1726 202 1795 sunt,
232 1726 261 1779 et
289 1737 343 1797 ego
372 1722 425 1778 tibi
452 1720 649 1778 honestissime
662 1716 682 1799 ³)
711 1717 878 1794 providebo.
921 1717 1016 1777 Mater
1041 1720 1069 1776 in
1092 1714 1138 1773 filio

125 1810 262 1883 serpentis
275 1809 394 1866 astutias
407 1824 465 1865 non
479 1808 644 1880 observans,
665 1808 848 1881 petitionibus
867 1806 927 1864 eius
940 1807 1045 1878 annuit,
1064 1802 1139 1862 omni-

124 1912 173 1952 um
196 1911 312 1953 suorum
335 1893 542 1953 usufructuario
560 1896 725 1969 resignato,
746 1895 895 1951 immemor
917 1891 984 1951 dicti
1004 1890 1138 1966 Sapientis:

126 1981 232 2039 Melius
255 1989 296 2040 est
316 1988 352 2040 ut
372 1987 477 2056 roperti
500 1988 527 2039 te
545 1981 598 2056 filii
613 1984 675 2051 tui,
705 1998 796 2054 paam
816 1986 842 2038 te
863 1982 1004 2055 respicere
1030 1981 1060 2036 iu
1084 1992 1139 2033 mc·

125 2064 369 2145 castricanini).
408 2067 484 2143 Quid
505 2065 608 2142 plura?
651 2066 764 2142 Sponsa
784 2065 984 2139 introducitur,
1020 2070 1047 2123 et
1065 2068 1141 2121 mater

127 2154 283 2230 expellitur.
333 2155 416 2229 Quae
444 2172 509 2213 cum
539 2159 651 2229 egeret,
681 2159 710 2211 et
736 2152 886 2229 plangeret
914 2151 1038 2227 quotidie
1050 2146 1077 2230 ⁵),
1104 2147 1142 2206 ilie

127 2259 210 2300 aures
243 2242 406 2314 obturavit,
434 2258 471 2300 ne
500 2243 621 2317 gemitus
644 2243 741 2299 matris
774 2240 892 2297 audiret.
947 2239 1004 2297 Die
1036 2235 1143 2313 quadam

127 2345 193 2387 cum
214 2330 352 2386 uxorein
374 2345 473 2386 mensa
495 2323 645 2406 sedens⁶),
669 2331 697 2385 et
718 2329 815 2384 matris
837 2326 875 2384 ad
897 2328 1001 2384 ostium
1022 2323 1144 2400 pulsantis

127 2432 229 2474 rocem
242 2410 261 2493 ⁷)
288 2413 462 2490 intelligens,
495 2418 548 2473 uit:
570 2414 659 2488 Ecce,
690 2416 793 2471 iterum
821 2411 951 2471 diabolus
981 2411 1083 2470 clamat
1106 2410 1146 2468 ibi

127 2502 262 2576 Dixitque
283 2518 386 2576 puero:
414 2501 498 2560 Vade
520 2497 623 2579 ponci)
645 2500 755 2576 pullum
776 2503 861 2558 istum
882 2502 910 2557 in
934 2501 1048 2572 cistam,
1070 2497 1147 2555 donec

126 2589 250 2648 recedat.
294 2587 378 2663 Quod
402 2606 466 2646 cum
487 2590 594 2647 sactum
616 2588 721 2661 fuisset,
744 2593 773 2646 ct
793 2587 841 2644 illa
862 2588 1038 2660 intromissa,
1060 2579 1148 2661 dum⁹l

127 2675 184 2735 filio
213 2675 416 2752 supplicasset,
448 2682 481 2733 ut
510 2677 553 2733 sui
583 2677 777 2747 misereretur,
810 2691 874 2731 cum
896 2672 986 2731 multo
1009 2673 1150 2731 verborum

127 2764 238 2821 turbine
270 2762 388 2838 expulsa
419 2768 470 2820 est.
513 2761 594 2820 Tunc
624 2761 670 2819 illc
699 2761 737 2819 ad
764 2777 897 2835 puerum:
933 2759 1035 2833 Refer,
1063 2759 1152 2833 inquil,

127 2850 208 2908 nobis
231 2850 349 2925 pullum.
391 2849 468 2906 Puer
489 2866 573 2922 vero,
594 2855 627 2906 ut
649 2850 749 2906 cistam
766 2848 889 2921 aperuit,
910 2863 969 2904 non
991 2849 1021 2904 in
1044 2843 1154 2904 scutella

126 2936 251 3012 pullum,
284 2936 335 2994 scd
364 2942 525 3010 serpentem
551 2936 750 3010 complicatum
773 2935 927 3009 conspexit.
971 2932 1029 3008 Qui
1051 2935 1155 2992 territus

128 3023 254 3096 rediens,
285 3022 353 3096 quid
381 3022 484 3081 viderit
513 3022 625 3080 domino
649 3023 833 3079 renunciavit.
875 3020 946 3078 Post
969 3037 1057 3094 quem
1078 3022 1157 3079 missa

128 3108 232 3167 ancilla
255 3109 323 3166 d‘nrit
345 3126 376 3167 sc
392 3110 493 3167 similia
514 3109 628 3167 vidisse.
657 3109 709 3166 Ille
732 3109 786 3166 sibi
806 3113 910 3182 putans
926 3106 1016 3180 illudi,
1038 3109 1079 3165 ait
1101 3123 1158 3165 cnm

128 3196 334 3271 indignatione:
367 3196 487 3254 Etiamsi
509 3194 640 3254 diabolus
668 3196 766 3269 suerit,
799 3211 852 3270 ego
882 3193 981 3250 tollam
1011 3211 1088 3252 cum.
1127 3193 1160 3250 Ei

128 3299 247 3358 surgens
271 3282 305 3340 de
327 3300 435 3357 mensa,
456 3300 524 3341 mox
545 3290 577 3341 ut
598 3300 629 3340 se
650 3285 679 3340 in
702 3285 800 3341 cistam
823 3280 860 3338 ad
880 3279 1036 3339 levandam
1059 3279 1161 3340 scutel-

144 3402 176 3468 a)
195 3398 283 3450 llonril.
297 3400 314 3450 1.
328 3417 352 3466 p.
366 3401 465 3451 lll-
487 3400 517 3466 l]
535 3400 554 3451 G
572 3401 788 3460 renunciatis,
806 3397 869 3448 ADP
886 3400 1065 3448 renuncies
1085 3407 1161 3450 ei.—

197 3471 228 3536 2]
246 3469 302 3520 libri
319 3479 352 3520 ut
371 3473 416 3520 sic
434 3485 548 3520 eorum.
566 3469 684 3519 llornilia:
704 3477 842 3536 „quatenns
856 3466 999 3517 divitiarum
1019 3471 1103 3536 gratia
1120 3468 1165 3519 bo·

196 3541 330 3591 nesiiorem
349 3539 441 3589 ducere
459 3548 545 3605 posset
563 3543 689 3589 uxorcnr.“
706 3568 735 3575 —
756 3539 787 3604 3)
805 3536 867 3587 ADP
886 3535 1072 3589 honestius,
1087 3570 1117 3579 -
1136 3538 1165 3603 4)

196 3609 272 3662 Eccli.
292 3611 334 3669 33,
352 3611 393 3659 22.
415 3639 444 3646 -
465 3610 496 3675 5]
513 3609 578 3659 ADP
597 3608 746 3676 quotidie
765 3607 945 3673 plangeret.
965 3637 996 3645 —
1020 3609 1053 3675 6)
1072 3610 1099 3659 in
1117 3608 1166 3659 llo·

196 3681 263 3730 milia
282 3678 364 3730 addit:
384 3677 505 3728 habens
530 3688 603 3728 anic
626 3696 657 3729 sc
682 3677 799 3744 pullum
817 3692 928 3726 assum.
948 3706 982 3712 —
1003 3679 1036 3745 7)
1056 3678 1121 3730 ADP
1139 3687 1167 3727 et

197 3752 311 3801 ostium
330 3748 492 3816 pulsantis
510 3764 623 3800 vocem
641 3749 760 3799 matris.
782 3777 811 3786 —
831 3746 863 3812 8)
881 3745 945 3797 Alil'
964 3755 998 3798 et
1024 3764 1119 3815 pone.
1139 3777 1166 3787 -

192 3821 224 3890 9)
242 3820 263 3874 B
283 3838 359 3875 cum.
