2438 4170
199 246 243 307 v1

198 373 277 423 men
301 353 365 422 tria
381 351 586 448 exemplaria
600 349 760 422 Coloniae
775 353 916 447 reperis,
942 374 1045 422 unum
1062 354 1098 424 in
1111 350 1205 424 bibli

198 455 294 527 theca
320 457 363 527 Ι).
391 480 411 526 a
437 455 580 545 Bianco,
620 456 760 526 alterum
784 458 871 527 inter
904 455 1007 530 libros
1032 457 1076 528 D.
1104 457 1214 530 lilerlo

139 592 142 598 ·
198 564 330 632 tertium
365 560 614 631 honestissimus
640 560 737 632 huius
766 561 918 632 editionis
943 560 1137 656 redemptor
1172 585 1193 632 a

198 668 343 758 quisivit.
396 664 486 737 Finis
512 664 608 736 huius
634 663 786 737 editionis
805 668 893 735 inter
909 667 1092 760 specimina
1116 687 1209 737 manu

198 770 347 846 codicum
373 790 556 863 expressus
580 767 712 860 legitur.

301 872 343 944 II.
396 872 505 943 Editio
531 871 780 961 Koelhoffiana,
813 869 930 944 Colon.
960 872 1084 964 1481,
1119 876 1216 970 pauc‘

197 977 281 1049 locis
307 980 470 1072 exeeptis,
497 976 539 1046 ad
556 975 654 1047 fidem
672 977 749 1046 edit.
763 978 868 1071 princ.
896 987 1052 1048 accurate
1070 999 1196 1075 expres

198 1091 260 1155 est.
314 1080 436 1152 Littera
461 1079 492 1151 Κ
517 1080 605 1151 hunc
628 1080 748 1151 librum
772 1082 939 1173 insignivi.

301 1185 357 1256 111.
411 1183 583 1256 Editiones
614 1188 819 1255 recentiores
853 1183 1019 1256 litteraR
1057 1187 1213 1278 insignita

198 1300 285 1363 sunt.
347 1288 404 1359 Ex
430 1289 548 1382 quihus
583 1290 774 1360 examinavi
800 1287 1020 1362 Colonienses
1045 1312 1076 1360 a.
1108 1290 1206 1361 1591

201 1394 314 1483 1599,
343 1392 622 1488 Antverpiensem
649 1416 679 1462 a.
709 1391 820 1465 1605.
882 1392 1039 1465 Editores
1067 1392 1217 1466 Koelhoi

198 1498 317 1569 {ianam
351 1498 482 1589 quidem
519 1498 714 1593 plerumque
747 1499 852 1568 secuti
885 1496 1083 1588 editionem,
1123 1508 1212 1569 tame

199 1602 297 1674 modo
324 1623 370 1671 ex
396 1604 530 1697 proprio
554 1604 700 1693 ingenio,
727 1600 837 1690 modo,
865 1610 901 1671 ut
926 1604 1028 1688 aiunt,
1057 1624 1129 1694 ,ex
1147 1625 1205 1696 qn·

200 1707 273 1779 dam
300 1711 522 1801 manuscripto
550 1706 685 1795 codice,
712 1705 790 1775 lieet
815 1728 880 1776 nec
903 1707 1143 1796 vetustissimo,
1170 1728 1214 1776 ne

200 1812 485 1908 correctissimo,“
523 1820 651 1881 textum
687 1812 880 1905 saepissime
914 1819 1090 1880 mutarunt.
1162 1809 1215 1895 Qu

199 1919 234 1987 in
259 1938 297 1986 re
316 1919 394 2007 quin
420 1915 535 1986 codiee
554 1914 594 2004 0,
619 1917 798 2009 praecipue
823 1916 857 1983 in
884 1912 1091 1985 distinctione
1105 1937 1162 2008 qua
1208 1944 1213 1976 ι

200 2042 385 2114 quanquam
409 2029 537 2089 temere
563 2022 641 2089 satis
668 2041 708 2088 ao
734 2022 807 2089 sine
832 2016 973 2107 iudicio,
1009 2020 1060 2090 usi
1088 2021 1173 2108 sint,
1209 2047 1219 2081 ι

199 2135 373 2220 praeterea
408 2146 454 2194 ex
489 2122 604 2193 codice
630 2121 660 2192 E
686 2122 843 2217 plurimas
877 2122 1039 2195 lectiones
1074 2121 1213 2219 deprom

199 2233 337 2324 pserint,
366 2226 504 2298 dubitari
529 2249 597 2298 non
623 2236 743 2321 potest.

303 2330 360 2403 Ad
385 2331 460 2402 loca
487 2353 513 2402 s.
543 2332 736 2426 scripturae,
764 2351 849 2422 quae
874 2332 908 2400 in
923 2329 1065 2422 Dialogo
1091 2329 1214 2401 laudan

200 2447 276 2527 tur,
304 2435 393 2530 quod
419 2438 551 2524 attinet,
586 2433 794 2530 respicienda
820 2443 916 2522 sunt,
944 2456 1028 2528 quae
1056 2432 1217 2507 Gaesariu

198 2542 271 2637 ipse
297 2544 331 2612 in
357 2539 561 2636 praefatione
578 2538 620 2609 ad
645 2539 803 2609 Homilias
820 2537 1112 2633 aCoppensteinio
1130 2539 1217 2610 edita

199 2648 343 2719 monuit:
375 2643 587 2735 „Sententias
614 2653 648 2714 61
674 2645 884 2714 auctoritates
899 2652 966 2713 tam
984 2644 1112 2716 veteris
1139 2666 1216 2737 qum

200 2753 280 2821 novi
306 2751 504 2838 testamenti,
531 2771 606 2819 cnm
632 2771 651 2818 a
678 2770 732 2818 me
748 2745 1010 2842 expositionibus
1036 2748 1214 2819 inserenda

200 2863 331 2943 essent,
364 2856 502 2947 ipsaque
527 2851 633 2925 verba
659 2852 832 2945 aliquando
858 2853 1043 2941 nescirem,
1080 2861 1114 2922 61
1140 2853 1217 2923 nimi

199 2967 293 3029 esset
316 2957 499 3028 taediosum
525 2957 627 3028 libros
643 2957 836 3044 revolvere,
863 2957 959 3050 posui
975 2955 1048 3028 illas
1075 2967 1111 3026 ut
1138 2959 1187 3029 sci

200 3084 268 3135 non
295 3083 341 3130 ex
366 3061 537 3151 industria,
564 3060 688 3132 sodex
707 3063 890 3152 ignorantia
917 3059 1113 3154 quandoque
1130 3058 1215 3133 verb

200 3169 284 3261 ipsa,
310 3166 368 3237 vel
393 3186 527 3238 sensum
554 3164 734 3236 verborum
761 3162 952 3235 mutando.“

304 3267 402 3359 Vale,
429 3268 595 3340 benevole
621 3268 748 3359 lector,
788 3278 822 3339 et
860 3267 937 3339 huic
962 3267 1118 3362 quiequid
1145 3265 1207 3340 Oa·

200 3374 290 3449 sario
315 3374 458 3469 impendi
485 3394 608 3470 operae
634 3373 723 3445 fave.

504 3677 937 3731 ψ
