2438 4170
47 318 58 371 τ’

47 378 59 411 ι.

47 416 55 461 l

47 510 55 545 r

379 231 457 309 *os
480 230 756 292 oonrrrrrorur.
1057 186 1097 288 eo

76 364 141 428 quo
155 347 240 415 locere
261 357 443 413 monasterio.
486 353 688 413 NOVICIUS:
719 352 795 428 Quid
817 352 942 411 dicturus
964 357 1007 411 est
1027 351 1099 426 Epi-

47 484 51 505 .
101 454 179 512 oopus
195 440 359 500 Leodiensis
380 444 409 498 in
430 441 476 499 die
496 441 599 514 iudicii,
622 458 686 499 cum
707 440 811 512 viderit
831 440 907 498 huuc
928 438 1046 496 militem
1065 437 1100 497 de

102 526 189 601 ligius
207 529 291 587 huius
313 531 495 587 conversione
528 526 661 603 gloriari?
704 525 937 586 MONACHUS:
965 525 1030 584 Nou
1058 533 1102 584 est
1205 593 1210 601 χ

101 618 198 673 merum
216 615 375 690 Episcopos
396 615 529 688 iudicare,
552 632 617 672 cum
639 631 725 690 saepe
747 614 874 674 amultis
890 613 1020 687 multum,
1041 614 1101 670 sine

100 705 263 763 ameriam
285 701 457 777 quandoque
478 702 645 760 iudicentur.
687 709 693 717 “

202 841 205 845 ’
292 930 294 936 .
379 891 612 952 carnorum
632 882 802 971 rurus)

132 1012 171 1070 Dc
190 1014 299 1086 clerico,
321 1017 374 1088 qui
395 1014 469 1073 dicii
490 1014 650 1089 Episcopus
672 1015 866 1071 Alamanniae
886 1029 948 1071 nore
963 1029 1050 1087 posse

533 1102 655 1159 salvari.

144 1216 259 1281 Clericus
282 1221 398 1297 quidam
418 1221 535 1280 Parisiis
555 1228 623 1303 ¹anto
651 1239 759 1296 paucos
792 1239 881 1280 annos
903 1223 1023 1281 verbum
1045 1228 1103 1280 ter-

97 1305 156 1367 ribile
174 1316 270 1368 contra
298 1310 459 1386 Episcopus
482 1307 594 1367 locutus
624 1315 681 1382 est,
711 1309 822 1367 diceus:
858 1308 961 1368 Omnia
990 1308 1104 1367 credere

55 1430 58 1435 -
97 1409 202 1470 pssum,
232 1395 283 1455 sed
316 1413 374 1454 uon
388 1393 403 1475 ¹)
433 1412 550 1471 possum
580 1394 709 1468 credere,
739 1395 816 1470 quod
845 1414 973 1470 unquam
1001 1394 1105 1470 aliquis

97 1477 228 1558 Episcopus
259 1482 446 1541 Alemarmiae
481 1485 571 1558 possit
603 1483 716 1541 salvari.
770 1481 972 1542 NOVIOIUS:
1009 1483 1104 1557 Quare

98 1571 166 1643 nugis
184 1569 318 1628 iudicavit
339 1568 703 1644 Episcoposrllernenniaa
729 1587 815 1644 quam
825 1566 1014 1646 Episcopos²)
1032 1569 1104 1628 Gal-

98 1649 148 1728 lice,
174 1655 309 1733 Augilas,
341 1656 531 1714 Lombardiae
542 1653 562 1735 ³)
591 1655 638 1714 vel
666 1655 810 1714 Tusciae?
864 1654 1104 1714 MONACHUS:

100 1736 155 1812 Qun
171 1761 239 1819 pene
263 1760 362 1802 omnes
383 1743 518 1818 Episcopi
528 1741 716 1801 Alemanuiae
738 1750 890 1816 utrumque
912 1743 1019 1800 habent
1039 1743 1104 1818 gla-

94 1822 164 1903 rim,
182 1831 354 1904 spiritualem
374 1829 507 1889 videlicet
529 1837 557 1888 et
578 1828 766 1905 materialem3
791 1836 819 1889 et
840 1832 907 1904 quia
929 1829 964 1888 de
987 1832 1104 1905 sangui-

47 1926 51 1993 ζ
100 1927 128 1970 nc
141 1915 255 1975 iudicant
276 1923 304 1975 et
325 1916 402 1975 bella
424 1924 564 1997 exercent,
585 1919 677 1992 magis
700 1933 748 1975 eos
770 1917 904 1974 sollicitos
920 1923 1106 1992 esseoportet

47 2052 50 2089 ι
101 1995 275 2077 iernpendiis
296 2004 425 2078 militurn,
448 2022 534 2078 quam
557 2003 592 2061 de
615 2004 706 2062 salute
728 2006 886 2061 animarum
904 2004 1104 2063 sibicommis-

47 2106 51 2173 g
101 2099 180 2146 iirom
219 2090 388 2155 invenimus¹
404 2097 500 2148 tanuen
533 2108 569 2149 er
589 2087 767 2168 Episcopisl)
791 2090 1023 2165 coloniensibus,
1057 2094 1103 2165 qui
1203 2149 1207 2167 ¹

47 2186 49 2201 ¹
100 2166 224 2236 Pontifices
238 2177 445 2236 simulfuerunt
468 2185 495 2236 et
506 2176 611 2251 Duces,
627 2178 737 2252 aliquos
747 2178 833 2236 luisse
849 2184 969 2252 sanctos
988 2179 1105 2236 beatum

47 2316 50 2325 ,
100 2256 206 2321 videficet
225 2265 398 2338 Bruuonem,
420 2270 551 2322 sanctum
561 2264 745 2323 Heribertum
759 2270 787 2322 et
802 2271 933 2323 sanctum
943 2264 1104 2323 Annonem.

101 2338 230 2410 Occasione
250 2352 332 2412 verbi
348 2353 406 2408 iam
428 2351 494 2409 dicti
510 2350 611 2426 clerici,
629 2352 763 2410 recordor
786 2359 814 2410 et
827 2352 941 2410 alterius
958 2351 1103 2411 cuiusdam

99 2432 161 2576 rerpi
184 2438 273 2498 adhuc
305 2437 455 2497 terribilius
478 2457 496 2498 a
517 2439 643 2514 quodam
660 2438 798 2522 *defuncto
827 2446 925 2498 contra
946 2439 1104 2514 Episcopos

99 2524 185 2586 prouti.

392 2699 622 2760 CAPITULUM
643 2699 790 2758 XXVIII.

148 2815 187 2876 De
205 2823 347 2880 monacho
371 2821 571 2895 Oloroeoolb'a,
594 2826 646 2897 qai
666 2839 729 2879 aon
751 2825 896 2896 acquievit
915 2825 1040 2896 recipere

484 2910 704 2984 Episcopotam.

146 3020 176 3082 111
202 3027 357 3089 Clararallc
389 3033 494 3089 uostris
529 3032 705 3106 temporibus
741 3031 898 3089 monachus
933 3029 1048 3105 quidam
1077 3022 1120 3086 in'

96 3094 244 3188 Episcopum
266 3117 372 3176 electus
395 3126 446 3177 est.
491 3118 583 3193 Quem
606 3136 672 3177 cum
694 3117 831 3176 electores
853 3119 1045 3192 requirerent,
1079 3125 1107 3174 et

95 3182 131 3245 ῙΠΘ
150 3213 213 3261 onus
233 3208 376 3279 suscipere
398 3211 537 3279 renueret,
559 3207 708 3279 imperium
730 3203 854 3263 Abbatis
877 3207 946 3279 eius,
967 3202 1015 3262 rel
1035 3203 1107 3277 Epi-

93 3283 184 3365 ⁸⁰⁰Pl⁵)
205 3294 336 3369 accessit;
368 3292 418 3351 sed
450 3293 654 3366 imperantibus
676 3309 734 3349 non
755 3294 906 3367 acquievit.
949 3291 987 3348 Et
1010 3308 1107 3348 cessa·
1165 3291 1169 3305 “

92 3357 141 3419 Ilm
155 3379 294 3454 arabes,
316 3386 402 3454 atque
425 3396 483 3437 uon
504 3378 594 3436 multo
617 3384 682 3453 post
692 3378 840 3436 defrmctus
852 3385 895 3437 est
906 3375 936 3458 ⁶).
980 3378 1036 3452 Qui
1048 3380 1108 3435 cui-

104 3459 147 3507 am
167 3463 217 3522 sibi
236 3466 366 3525 familiari
388 3467 534 3526 manifeste
556 3484 697 3540 apparens
720 3472 786 3541 post
806 3473 935 3538 mortem,
957 3467 1108 3539 requisitus

96 3574 124 3640 *J
143 3585 275 3704 {lomibll
293 3617 318 3667 p.
337 3600 379 3652 99.
400 3631 430 3639 -
452 3600 482 3664 1)
500 3599 538 3652 CP
556 3601 624 3662 vix3
643 3615 701 3651 mox
720 3599 737 3650 Ρ
756 3600 896 3684 credero
920 3615 1058 3680 possum.
1079 3629 1108 3636 -

140 3660 1112 3806 riIpil⁰l1lslb⁰bi³ssi‘rpllsfflinllslbilWi'fl‘llai'pl.

139 3808 233 3872 icopi
251 3824 291 3860 om
310 3810 401 3861 Bn-
422 3811 453 3878 6)
472 3819 522 3862 est
540 3809 589 3861 add
608 3809 636 3862 B.
