2438 4170
89 245 151 304 366
409 243 638 305 DlSTINO'l'IO
668 242 803 305 SEXTA

40 384 43 391 “
91 365 317 425 discessumRex
329 365 400 424 iram
412 365 556 441 simulans,
572 366 642 425 dixit
654 332 879 442 militibustEgo
890 366 1040 442 praecipio
1050 367 1129 427 vobis

91 454 145 511 sub
166 455 391 511 interminatione
419 457 529 530 gratiae
550 471 647 527 meae,
676 471 712 512 ne
735 453 771 511 de
794 460 888 512 cetero
910 460 1048 513 sanctum
1067 453 1129 513 Ab·

90 541 189 599 batem
216 543 303 598 istum
322 542 494 614 inquietetis.
536 539 642 614 Sisque
663 541 771 599 facturn
793 546 852 614 est,
880 545 915 598 ut
946 540 1027 599 bona
1060 557 1130 617 quse

90 627 191 686 iratres
220 626 347 685 obtinere
379 643 437 685 non
465 633 598 702 poterant
628 643 679 702 per
704 626 810 685 multas
833 629 1045 702 querimoniae,
1072 626 1131 687 sola

92 713 170 788 apud
191 713 300 789 Regem
330 714 470 772 obtineret
490 713 614 772 Abbatis
639 713 814 788 simplicitas.
857 713 897 771 Et
919 720 964 772 est
984 714 1131 789 impletum

94 801 122 858 in
145 817 179 858 eo
200 799 270 857 illud
291 799 401 875 Moysi:
423 802 509 859 Atius
522 800 672 876 pugnabit
688 817 748 875 pro
769 799 866 871 coba,
898 807 927 859 et
947 817 1003 859 vos
1026 800 1131 859 taceti-

95 890 131 944 tia
143 884 172 962 ¹).
193 886 266 944 Aliis
283 887 333 945 tibi
351 886 445 945 adhue
464 887 613 945 ostendam
633 887 779 962 exemplis,
802 886 920 962 qualem
932 887 1034 947 locum
1046 904 1132 947 vene·

94 975 211 1032 rationis
232 975 261 1031 in
284 974 369 1033 corde
388 973 515 1033 eiusdem
536 974 624 1050 Regis
646 977 736 1032 virtus
758 975 916 1033 obtinuerit
936 974 1131 1051 simplicitatis

446 1163 679 1224 CAPITULUM
700 1164 786 1222 XHl.

113 1285 189 1345 Item
211 1285 246 1343 de
268 1286 376 1358 eodem,
398 1268 674 1360 quiniodonaaes
696 1287 811 1344 clencos
833 1286 1056 1347 conmendavit
1077 1284 1128 1345 ob'

300 1373 457 1447 sinplioenr
479 1374 558 1431 electi
578 1376 625 1431 sni
640 1377 922 1447 praesentationem.

157 1493 299 1568 Tempore
316 1492 442 1567 quodam
463 1493 556 1552 cleriei
572 1490 813 1573 Laudunenses²),
834 1493 985 1569 Episcopo
1006 1510 1059 1554 suo
1079 1492 1123 1552 de·

92 1582 208 1654 functo,
237 1580 380 1654 quendam
410 1598 445 1639 ex
473 1583 532 1638 suis
559 1580 691 1639 fratribus
720 1584 891 1639 canonicum
920 1580 1122 1656 simplicemin

93 1668 268 1743 Episcopum
289 1667 432 1742 eligentes,
454 1667 508 1726 sub
527 1667 572 1724 his
585 1668 679 1725 verbis
695 1667 842 1742 praedicto
856 1668 933 1744 Regi
945 1668 1028 1726 illum
1046 1683 1121 1743 prac-

27 1815 31 1821 ,
93 1760 292 1813 certaverunt:
314 1754 447 1827 Domine,
460 1771 512 1813 nos
526 1760 740 1829 praesentamus
751 1754 833 1814 vobis
847 1752 999 1813 dominum
1008 1752 1119 1812 Emelri-

93 1840 188 1919 cum³)
210 1840 333 1900 electum
354 1847 491 1899 nostrum.
533 1840 599 1898 Hoc
618 1843 643 1898 ei
663 1857 767 1898 nomen
783 1848 860 1920 ¹erat.
905 1841 989 1919 Rege
1009 1846 1117 1912 moenie,

93 1935 123 1987 et
138 1928 257 1987 sormam
268 1928 343 1986 illius
360 1929 596 2002 praesentationis
612 1927 816 2002 considerante,
838 1929 957 1986 tandem
971 1925 1115 2002 respondit:

94 2014 187 2089 Quem
208 2017 395 2089 praesentatis
416 2013 506 2071 mihi‘l
535 2010 796 2092 Responderuntl):
819 2014 980 2074 Dominum
1006 2012 1115 2072 Emelri·

94 2118 168 2159 cum.
210 2101 248 2158 Et
268 2101 346 2159 Rex:
375 2099 470 2160 Vultis
499 2100 605 2176 aliquid
632 2100 698 2175 plus
720 2100 833 2159 dicere?
865 2101 927 2160 Illis
947 2089 1113 2171 timentibus,

94 2205 139 2253 ne=
158 2189 230 2246 torte
259 2187 364 2262 aliquid
394 2188 467 2263 Regi
496 2187 657 2262 displiceret
683 2190 713 2245 in
742 2192 879 2262 persona,
907 2189 955 2247 vel
981 2191 1010 2246 in
1031 2186 1114 2246 verbis

92 2277 337 2349 praesentationis,
358 2274 577 2349 responderunt:
599 2273 690 2348 Nihil,
719 2275 839 2333 domine.
883 2276 967 2334 Tunc
988 2276 1029 2333 ait
1047 2274 1112 2332 Rex:

92 2362 170 2420 Raro
205 2361 301 2419 audivi
333 2362 419 2419 talem
450 2365 716 2435 praesentationem.
777 2361 898 2436 Quando
928 2363 1031 2437 aliquis
1056 2358 1114 2418 nnhr

92 2454 289 2522 praesentatur
311 2448 426 2522 electus,
447 2465 550 2506 nomen
574 2449 717 2523 dignitatis
739 2451 799 2506 eius
821 2451 986 2522 exprimitur
1007 2450 1043 2507 ab
1063 2447 1114 2506 ele·

93 2535 232 2608 ctoribuS,
254 2537 282 2592 in
304 2535 379 2593 hunc
401 2535 530 2593 modum:
553 2535 691 2609 Domine,
719 2553 771 2593 nos
800 2542 1017 2609 praesentamus
1042 2534 1115 2593 robis

92 2621 237 2680 dominum
271 2622 306 2680 N.
328 2622 582 2695 Archidiaconunr,
617 2622 830 2696 Praepositum,
870 2623 1037 2696 Decanum,
1075 2618 1115 2679 vel

92 2708 299 2767 Scholasticum
332 2716 470 2767 nostrum.
512 2709 618 2766 Fateor
638 2710 736 2782 vobis,
770 2712 837 2767 satis
859 2709 929 2766 milri
951 2709 1046 2785 placet
1064 2715 1115 2766 tan

91 2795 210 2870 simplex
231 2796 365 2871 simplicis
387 2797 515 2853 canonici
536 2799 735 2870 praesentatio,
757 2802 785 2853 et
806 2796 911 2855 idcirco
935 2813 1028 2872 spero,
1049 2791 1116 2870 qnod

91 2882 196 2940 aDeo
228 2884 304 2941 facta
331 2885 367 2941 sit
394 2885 457 2956 ipsa
487 2882 595 2940 electio.
638 2882 734 2940 Nostis
762 2883 883 2956 qualiter
909 2885 939 2941 in
965 2882 1118 2942 iamdictis

93 2967 276 3043 dignitatibus
291 2969 445 3028 electiones
456 2968 653 3027 celebrentur?
675 2969 705 3027 Si
718 2968 913 3028 scholasticus
927 2977 978 3043 est,
996 2963 1117 3045 causas⁵)

92 3058 290 3112 canonicorum
320 3074 435 3114 suorum
456 3056 596 3130 fovendo,
627 3062 687 3114 turn
711 3063 823 3130 propter
844 3056 1039 3130 literaturam,
1065 3064 1119 3112 tum

91 3149 207 3215 propter
228 3150 421 3216 comparatam
434 3145 595 3215 amicitiam,
616 3144 653 3200 ab
675 3145 742 3217 ipsis
764 3145 792 3199 in
806 3143 986 3219 Episcopum
1009 3144 1121 3219 eligitur.

90 3227 121 3285 si
142 3227 278 3286 Decanus
300 3236 357 3303 est,
376 3230 517 3305 hypocrisi
541 3248 593 3287 sua
613 3230 731 3287 fratrum
754 3246 888 3288 excessus
912 3228 1122 3302 dissimulando,

91 3321 229 3389 cognatos
252 3322 280 3372 et
300 3312 436 3394 amicos⁶)
458 3315 610 3374 introducit
631 3333 649 3374 a
671 3316 774 3390 quibus
792 3316 972 3375 sublimatur.
1019 3319 1050 3378 Si
1070 3316 1123 3374 Ar·

89 3401 286 3475 chidiaconus,
315 3403 361 3460 vel
389 3403 572 3478 Praepositus
595 3411 652 3476 est,
687 3410 786 3477 utpote
808 3405 851 3460 vir
871 3404 996 3478 nobilis,
1025 3422 1125 3482 paren·

86 3495 147 3545 turn
175 3491 302 3563 potentia
329 3492 421 3565 magis
449 3490 599 3547 intruditur
631 3508 717 3564 quarn
745 3490 864 3565 eligatur
873 3486 903 3568 ⁷).
948 3491 1031 3552 Eece
1059 3493 1126 3552 haec

104 3673 230 3741 lJExod.
251 3675 357 3736 14,14.
379 3704 409 3714 -
438 3676 469 3740 2]
487 3674 645 3738 laudunum,
670 3675 746 3726 Laon.
766 3705 796 3714 -·
816 3675 887 3742 ³)ss
915 3678 1128 3735 Amelricum.

154 3753 180 3796 et
198 3744 263 3795 inira
286 3744 493 3797 almericum.
513 3775 544 3782 -
570 3745 602 3812 l)
624 3744 863 3812 responderunt
880 3745 933 3797 add
952 3747 982 3800 C.
1005 3774 1039 3793 ι-
1064 3749 1129 3820 5)Β

146 3832 288 3871 causam.
308 3847 341 3856 —
362 3815 395 3886 s)
412 3814 435 3868 B
453 3817 576 3868 amicos
593 3830 679 3867 suos.
696 3842 727 3853 -
741 3816 779 3882 ’ἢ
791 3813 828 3865 uu
848 3814 1004 3883 eligitur.
