2438 4170
96 224 160 282 244
276 166 279 173 ’
397 219 625 283 ursrmouuo
643 220 809 300 Qunam

96 348 175 403 tante
196 341 314 417 ancilla,
335 359 442 418 aquam
461 343 541 403 illam
561 343 698 403 foetidam
718 361 811 420 usque
833 341 872 402 ad
892 360 987 420 genua
1006 346 1151 411 intravi

96 437 125 488 et
140 428 197 490 huc
212 428 336 504 illucque
351 428 569 505 deambulando,
589 431 663 490 bene
685 433 932 507 concupiscentiae
953 449 1021 492 suae
1041 439 1151 499 satir

95 515 171 575 feeit.
214 515 299 591 Quod
320 520 416 575 statim
437 519 602 576 nunciatum
616 523 661 576 est
681 520 783 577 marito
806 520 877 577 eius.
918 517 971 578 Ille
990 519 1151 596 gaudem

96 619 164 661 mox
190 609 224 662 ut
252 621 317 662 eam
344 605 424 679 vidit,
448 607 502 662 ait:
531 604 606 680 Quid
629 611 680 679 cst,
702 603 839 664 domina?
881 604 1023 666 Fuistisnc
1042 606 1151 671 hodi

95 691 170 749 bene
190 688 346 749 balneata?
372 690 574 766 Respondeute
595 690 657 749 illa:
678 692 748 767 Fui5
770 691 888 751 adiecit:
910 691 946 749 In
967 691 1055 766 dolio,
1090 714 1151 759 vi

95 779 124 834 in
145 775 273 851 palude?
295 775 343 835 Ad
356 777 434 851 quod
448 778 568 837 verbum
584 778 702 836 confusa
723 781 822 853 tacuit,
842 780 936 837 sciens
958 795 1022 837 eum
1041 797 1151 844 suun

95 879 243 922 excessum
271 880 329 923 non
356 864 453 923 latere.
501 865 584 923 Tune
612 864 672 923 ille:
701 863 758 923 Ubi
788 871 846 939 est,
876 863 991 924 domina
1016 883 1095 927 moa
1117 866 1147 950 ¹)

95 952 256 1009 constantia
283 956 392 1024 vestra,
421 951 583 1009 obedientia
610 956 721 1025 vestra,
749 953 887 1023 iactantia
907 950 1021 1011 vestra?
1059 954 1151 1015 Eva

94 1035 178 1094 vilius
213 1043 324 1096 tentata
357 1037 462 1112 fuistis,
497 1037 618 1112 tepidius
647 1040 802 1112 restitistis,
838 1040 949 1113 turpius
979 1038 1151 1101 cecidistis

94 1121 218 1182 Reddite
240 1141 307 1199 ergo
330 1124 407 1198 quod
437 1124 555 1182 debetis.
598 1124 724 1182 Etcum
745 1141 803 1182 non
829 1124 951 1184 haberet
976 1124 1149 1200 illaquod

94 1209 226 1286 solveret,
248 1211 344 1269 omnia
364 1213 535 1269 vestimenta
557 1212 617 1269 eius
638 1214 762 1286 pretiosa
789 1210 861 1286 tulit,
884 1218 912 1270 et
928 1229 979 1286 per
1000 1211 1143 1293 diversas

93 1314 231 1373 personas
254 1294 414 1370 distribuit,
435 1299 530 1355 sinens
552 1315 615 1356 eam
637 1315 688 1373 per
709 1297 826 1373 aliquod
839 1304 953 1374 tempus
971 1297 1041 1358 bene
1062 1305 1135 1357 tor·-

94 1385 183 1458 queri.
232 1381 435 1443 novicius:
464 1383 557 1443 Valde
585 1385 746 1443 miserabile
776 1392 838 1458 est,
867 1385 946 1459 quod
977 1387 1017 1444 sic
1041 1398 1128 1443 mens

93 1469 216 1528 hominis
238 1487 351 1545 semper
371 1472 468 1528 nititur
495 1472 525 1528 in
546 1473 675 1530 vetitum.
696 1469 932 1530 MONACHUS:
961 1469 1120 1546 Antequam

94 1573 186 1616 sermo
207 1556 265 1616 Dei
288 1556 434 1615 audiatur:
455 1556 522 1615 Non
548 1563 591 1616 est
612 1557 755 1616 tribulatio
772 1557 825 1616 .vel
845 1560 978 1632 tentatio,
1002 1558 1050 1617 sed
1070 1554 1114 1615 ubi

92 1646 206 1721 signum
226 1643 295 1702 belli
315 1643 533 1719 praedicationis
554 1645 626 1702 tuba
643 1644 773 1718 ostendit,
794 1644 1007 1703 tribulationum
1026 1655 1108 1720 pugno

95 1728 275 1810 consurgis).
296 1731 395 1790 Verba
416 1737 483 1789 sunt
505 1728 636 1807 Origenis
657 1748 743 1806 super
764 1731 843 1789 illurn
864 1731 968 1791 locunu
989 1731 1036 1792 Ea
1058 1742 1103 1806 quo

93 1819 208 1877 loeutus
228 1836 296 1877 soon
316 1819 489 1890 Pharaoni,
523 1814 661 1894 offliuit³l
685 1819 835 1892 populum
857 1815 981 1896 tunet‘).
1028 1817 1100 1895 Quam

92 1904 189 1964 valida
216 1907 254 1963 sit
282 1904 463 1978 quaudoque
480 1921 578 1980 pugna
607 1906 771 1963 tentationis
798 1911 864 1980 post
892 1905 1100 1980 prohibitionem,

92 1991 255 2067 exemplum
281 1992 332 2050 tibi
352 2008 511 2067 proponam
536 1990 654 2049 militem
676 1991 832 2068 quendam,
855 1994 903 2068 qui
925 1995 1016 2070 magis
1036 1990 1101 2068 elego

91 2081 175 2153 mori,
208 2095 295 2154 quam
323 2080 352 2136 in
384 2079 540 2136 tentatione
572 2095 625 2136 sua
646 2079 781 2153 superari.

403 2267 636 2328 CAPITULUM
656 2268 815 2329 LXXVII.

91 2391 138 2448 De
160 2383 249 2449 milite
266 2393 441 2465 poenitente,
464 2409 550 2465 quem
574 2393 696 2448 testatio
720 2389 835 2468 arboris
849 2394 956 2450 vetitae
977 2395 1109 2463 exstititit,

453 2478 504 2535 sed
523 2494 585 2534 uon
605 2481 763 2551 superauit.

154 2599 238 2658 Miles
253 2599 376 2675 quidam,
398 2601 472 2658 sicut
486 2599 582 2656 audivi
604 2616 622 2656 a
644 2599 768 2672 quodam
790 2601 850 2659 viro
873 2600 1013 2676 religioso,
1034 2599 1115 2658 multa

90 2687 199 2746 scelera
234 2689 421 2746 commiserat.
470 2685 600 2744 Tandem
633 2685 735 2743 ductus
763 2689 950 2761 poenitentia,
979 2690 1058 2747 veuit
1082 2687 1116 2746 ad

89 2773 282 2848 sacerdotem,
311 2775 347 2832 de
377 2775 534 2832 commissis
556 2772 623 2830 fecit
650 2773 872 2847 confessionem,
901 2774 1117 2833 satisfactionem

89 2862 230 2935 suscepit,
260 2860 311 2919 sed
343 2866 506 2934 susceptam
535 2876 648 2917 servare
677 2877 734 2918 non
760 2863 860 2935 potuit.
912 2860 1042 2935 Cumque
1067 2861 1117 2920 hoc

89 2949 203 3022 saepius
230 2951 389 3021 actitasset,
417 2947 462 3005 die
492 2945 616 3021 quadam
645 2946 715 3003 dixit
744 2946 784 3004 illi
807 2947 955 3005 sacerdos:
984 2948 1061 3005 Nihil
1082 2951 1119 3007 sie

89 3033 260 3108 proficimus.
303 3034 359 3091 Dic
382 3050 449 3109 crgo
474 3033 558 3089 mihi:
586 3033 675 3090 Estne
697 3032 803 3107 aliquid
826 3035 902 3109 quod
923 3052 975 3109 pro
999 3037 1119 3110 peccatis

89 3122 146 3178 tuis
159 3123 252 3194 possis
270 3119 431 3178 custodire?
454 3119 612 3194 Respondit
625 3119 686 3178 ille:
707 3120 759 3178 Est
773 3137 875 3195 pomus
892 3124 921 3178 in
942 3124 1120 3196 possessione

90 3223 155 3265 mea
176 3206 234 3279 tali,
257 3210 336 3266 cuius
357 3208 465 3265 fructus
487 3213 546 3265 tam
568 3224 682 3264 amarus
704 3213 733 3265 et
753 3209 893 3281 pessimus
916 3215 971 3282 cst,
994 3215 1027 3266 ut
1047 3227 1120 3267 nun·

91 3310 177 3366 quam
207 3310 241 3352 ex
270 3311 304 3352 eo
334 3293 483 3353 comedere
513 3310 636 3368 possem.
686 3293 717 3353 Si
745 3293 857 3351 videtur
891 3296 972 3353 vobis
1001 3296 1121 3370 bonum,

89 3382 341 3454 poenitentiamea
355 3383 398 3454 sit,
419 3386 452 3438 ut
473 3378 659 3454 quoadusque
680 3382 777 3439 vivam
794 3380 829 3438 de
851 3381 978 3440 ciusdem
989 3379 1009 3461 ⁵)
1031 3384 1121 3458 pomis

61 3534 63 3538 ¹
89 3482 147 3525 non
181 3473 302 3543 gustem.
345 3466 444 3525 Sciens
479 3465 612 3526 sacerdos
644 3469 767 3526 maxime
794 3474 860 3542 post
888 3469 1121 3544 prohibitionem,

108 3652 139 3720 1)
157 3668 222 3703 mea
242 3667 282 3703 om
300 3651 350 3705 Bc.
371 3680 401 3690 —
421 3653 453 3719 2]
470 3652 534 3704 Ab?
557 3654 704 3722 insurgit.
725 3683 752 3692 -
775 3653 807 3719 3]
824 3654 881 3705 libri
904 3653 1069 3706 afflixisti.
1089 3685 1118 3694 -

157 3722 288 3845 ἓεὲἱοιὲ.
306 3725 338 3786 5,
363 3721 405 3774 23.
431 3723 532 3792 Origen.
550 3722 639 3774 llomil.
663 3725 688 3796 3
706 3725 732 3774 in
754 3723 834 3776 Exod.
854 3755 884 3763 -
913 3725 944 3792 5)
961 3723 981 3775 Β
999 3726 1085 3789 eius,
1102 3724 1121 3775 P
