<?xml version="1.0" encoding="UTF-8"?>
<!DOCTYPE html PUBLIC "-//W3C//DTD XHTML 1.0 Transitional//EN"
    "http://www.w3.org/TR/xhtml1/DTD/xhtml1-transitional.dtd">
<html xmlns="http://www.w3.org/1999/xhtml" xml:lang="en" lang="en">
 <head>
  <title>
</title>
<meta http-equiv="Content-Type" content="text/html;charset=utf-8" />
  <meta name='ocr-system' content='tesseract 3.04.00' />
  <meta name='ocr-capabilities' content='ocr_page ocr_carea ocr_par ocr_line ocrx_word'/>
</head>
<body>
  <div class='ocr_page' id='page_1' title='image "./caesariiheister00stragoog_0379.png"; bbox 0 0 2438 4170; ppageno 0'>
   <div class='ocr_carea' id='block_1_1' title="bbox 91 176 849 309">
    <p class='ocr_par' dir='ltr' id='par_1_1' title="bbox 91 176 849 309">
     <span class='ocr_line' id='line_1_1' title="bbox 91 176 849 309; baseline -0.003 -23"><span class='ocrx_word' id='word_1_1' title='bbox 91 216 96 227; x_wconf 84' lang='lat'><strong><em>‘</em></strong></span> <span class='ocrx_word' id='word_1_2' title='bbox 134 225 198 287; x_wconf 83' lang='lat' dir='ltr'>eoo</span> <span class='ocrx_word' id='word_1_3' title='bbox 325 176 331 186; x_wconf 68' lang='grc'>’</span> <span class='ocrx_word' id='word_1_4' title='bbox 456 220 684 309; x_wconf 84' lang='lat' dir='ltr'>nrsnmouro</span> <span class='ocrx_word' id='word_1_5' title='bbox 712 221 849 284; x_wconf 74' lang='lat' dir='ltr'>surra</span> 
     </span>
    </p>
   </div>
   <div class='ocr_carea' id='block_1_2' title="bbox 133 343 1174 1116">
    <p class='ocr_par' dir='ltr' id='par_1_2' title="bbox 133 343 1174 1116">
     <span class='ocr_line' id='line_1_2' title="bbox 133 343 1168 421; baseline 0.002 -16"><span class='ocrx_word' id='word_1_6' title='bbox 133 363 192 407; x_wconf 90' lang='lat' dir='ltr'>nou</span> <span class='ocrx_word' id='word_1_7' title='bbox 213 346 340 406; x_wconf 85' lang='lat' dir='ltr'>deerunt.</span> <span class='ocrx_word' id='word_1_8' title='bbox 382 343 510 420; x_wconf 84' lang='lat' dir='ltr'>Simplex</span> <span class='ocrx_word' id='word_1_9' title='bbox 538 344 712 421; x_wconf 89' lang='lat' dir='ltr'>quaudoque</span> <span class='ocrx_word' id='word_1_10' title='bbox 736 348 825 405; x_wconf 91' lang='lat' dir='ltr'>mimo</span> <span class='ocrx_word' id='word_1_11' title='bbox 852 343 901 405; x_wconf 85' lang='lat' dir='ltr'>vel</span> <span class='ocrx_word' id='word_1_12' title='bbox 920 343 1072 406; x_wconf 84' lang='lat' dir='ltr'>ioculatori</span> <span class='ocrx_word' id='word_1_13' title='bbox 1093 363 1168 409; x_wconf 83' lang='lat' dir='ltr'>com·</span> 
     </span>
     <span class='ocr_line' id='line_1_3' title="bbox 133 428 1170 514; baseline 0.002 -21"><span class='ocrx_word' id='word_1_14' title='bbox 133 439 259 510; x_wconf 88' lang='lat' dir='ltr'>paratur.</span> <span class='ocrx_word' id='word_1_15' title='bbox 300 432 381 492; x_wconf 81' lang='lat' dir='ltr'>Sicut</span> <span class='ocrx_word' id='word_1_16' title='bbox 407 432 519 491; x_wconf 88' lang='lat' dir='ltr'>illorum</span> <span class='ocrx_word' id='word_1_17' title='bbox 532 429 552 512; x_wconf 73' lang='grc' dir='ltr'>τ)</span> <span class='ocrx_word' id='word_1_18' title='bbox 580 434 672 492; x_wconf 85' lang='lat' dir='ltr'>verba</span> <span class='ocrx_word' id='word_1_19' title='bbox 699 432 747 493; x_wconf 84' lang='lat' dir='ltr'>vel</span> <span class='ocrx_word' id='word_1_20' title='bbox 775 450 864 508; x_wconf 87' lang='lat' dir='ltr'>opera</span> <span class='ocrx_word' id='word_1_21' title='bbox 883 435 914 491; x_wconf 93' lang='lat' dir='ltr'>iu</span> <span class='ocrx_word' id='word_1_22' title='bbox 936 435 997 492; x_wconf 83' lang='lat' dir='ltr'>aius</span> <span class='ocrx_word' id='word_1_23' title='bbox 1005 428 1025 514; x_wconf 85' lang='lat'>²)</span> <span class='ocrx_word' id='word_1_24' title='bbox 1057 450 1108 494; x_wconf 92' lang='lat' dir='ltr'>ore</span> <span class='ocrx_word' id='word_1_25' title='bbox 1128 433 1170 495; x_wconf 86' lang='lat' dir='ltr'>val</span> 
     </span>
     <span class='ocr_line' id='line_1_4' title="bbox 134 519 1171 597; baseline 0.002 -17"><span class='ocrx_word' id='word_1_26' title='bbox 134 521 281 594; x_wconf 90' lang='lat' dir='ltr'>manibus,</span> <span class='ocrx_word' id='word_1_27' title='bbox 310 522 359 594; x_wconf 91' lang='lat' dir='ltr'>qui</span> <span class='ocrx_word' id='word_1_28' title='bbox 386 520 525 579; x_wconf 88' lang='lat' dir='ltr'>ioculator</span> <span class='ocrx_word' id='word_1_29' title='bbox 551 537 610 578; x_wconf 92' lang='lat' dir='ltr'>non</span> <span class='ocrx_word' id='word_1_30' title='bbox 632 526 690 594; x_wconf 85' lang='lat' dir='ltr'>ast,</span> <span class='ocrx_word' id='word_1_31' title='bbox 718 537 805 594; x_wconf 83' lang='lat' dir='ltr'><strong>saepe</strong></span> <span class='ocrx_word' id='word_1_32' title='bbox 828 519 993 596; x_wconf 82' lang='lat' dir='ltr'>displicent,</span> <span class='ocrx_word' id='word_1_33' title='bbox 1022 526 1054 580; x_wconf 90' lang='lat' dir='ltr'>et</span> <span class='ocrx_word' id='word_1_34' title='bbox 1081 538 1171 597; x_wconf 85' lang='lat' dir='ltr'>poena</span> 
     </span>
     <span class='ocr_line' id='line_1_5' title="bbox 135 604 1172 686; baseline 0.002 -20"><span class='ocrx_word' id='word_1_35' title='bbox 135 604 254 686; x_wconf 82' lang='lat' dir='ltr'>digna³)</span> <span class='ocrx_word' id='word_1_36' title='bbox 276 612 343 665; x_wconf 89' lang='lat' dir='ltr'>suut</span> <span class='ocrx_word' id='word_1_37' title='bbox 368 607 446 682; x_wconf 91' lang='lat' dir='ltr'>apud</span> <span class='ocrx_word' id='word_1_38' title='bbox 475 607 622 682; x_wconf 79' lang='lat' dir='ltr'>homiues3</span> <span class='ocrx_word' id='word_1_39' title='bbox 655 624 731 681; x_wconf 89' lang='lat' dir='ltr'>quae</span> <span class='ocrx_word' id='word_1_40' title='bbox 758 615 855 667; x_wconf 84' lang='lat' dir='ltr'>tamen</span> <span class='ocrx_word' id='word_1_41' title='bbox 884 609 923 667; x_wconf 91' lang='lat' dir='ltr'>ab</span> <span class='ocrx_word' id='word_1_42' title='bbox 952 609 994 671; x_wconf 80' lang='lat' dir='ltr'>eis</span> <span class='ocrx_word' id='word_1_43' title='bbox 1022 607 1103 668; x_wconf 89' lang='lat' dir='ltr'>dicta</span> <span class='ocrx_word' id='word_1_44' title='bbox 1128 606 1172 668; x_wconf 85' lang='lat' dir='ltr'>vol</span> 
     </span>
     <span class='ocr_line' id='line_1_6' title="bbox 134 693 1171 770; baseline 0.002 -17"><span class='ocrx_word' id='word_1_45' title='bbox 134 693 219 768; x_wconf 83' lang='lat' dir='ltr'>iacta,</span> <span class='ocrx_word' id='word_1_46' title='bbox 240 693 368 769; x_wconf 79' lang='lat' dir='ltr'>placent:</span> <span class='ocrx_word' id='word_1_47' title='bbox 389 696 430 752; x_wconf 89' lang='lat' dir='ltr'>ita</span> <span class='ocrx_word' id='word_1_48' title='bbox 451 701 495 753; x_wconf 89' lang='lat' dir='ltr'>est</span> <span class='ocrx_word' id='word_1_49' title='bbox 516 693 552 752; x_wconf 93' lang='lat' dir='ltr'>de</span> <span class='ocrx_word' id='word_1_50' title='bbox 573 693 759 769; x_wconf 78' lang='lat' dir='ltr'><strong>simplicibus.</strong></span> <span class='ocrx_word' id='word_1_51' title='bbox 782 693 823 754; x_wconf 90' lang='lat' dir='ltr'>Ut</span> <span class='ocrx_word' id='word_1_52' title='bbox 844 695 886 754; x_wconf 87' lang='lat' dir='ltr'>sie</span> <span class='ocrx_word' id='word_1_53' title='bbox 909 694 1011 770; x_wconf 87' lang='lat' dir='ltr'>dicam,</span> <span class='ocrx_word' id='word_1_54' title='bbox 1032 695 1171 755; x_wconf 88' lang='lat' dir='ltr'>ioculato-</span> 
     </span>
     <span class='ocr_line' id='line_1_7' title="bbox 133 780 1173 858; baseline 0.003 -19"><span class='ocrx_word' id='word_1_55' title='bbox 133 797 181 840; x_wconf 90' lang='lat' dir='ltr'>res</span> <span class='ocrx_word' id='word_1_56' title='bbox 207 780 265 839; x_wconf 92' lang='lat' dir='ltr'>Dei</span> <span class='ocrx_word' id='word_1_57' title='bbox 296 785 362 839; x_wconf 90' lang='lat' dir='ltr'>sunt</span> <span class='ocrx_word' id='word_1_58' title='bbox 394 786 614 855; x_wconf 88' lang='lat' dir='ltr'>sanctorumque</span> <span class='ocrx_word' id='word_1_59' title='bbox 646 781 812 856; x_wconf 86' lang='lat' dir='ltr'>angelorum</span> <span class='ocrx_word' id='word_1_60' title='bbox 844 781 996 856; x_wconf 80' lang='lat' dir='ltr'>simplices.</span> <span class='ocrx_word' id='word_1_61' title='bbox 1047 781 1173 858; x_wconf 87' lang='lat' dir='ltr'>Quorum</span> 
     </span>
     <span class='ocr_line' id='line_1_8' title="bbox 135 867 1174 944; baseline 0.001 -17"><span class='ocrx_word' id='word_1_62' title='bbox 135 883 224 943; x_wconf 86' lang='lat' dir='ltr'>opera</span> <span class='ocrx_word' id='word_1_63' title='bbox 244 869 267 926; x_wconf 90' lang='lat' dir='ltr'>si</span> <span class='ocrx_word' id='word_1_64' title='bbox 288 867 319 925; x_wconf 92' lang='lat' dir='ltr'>hi</span> <span class='ocrx_word' id='word_1_65' title='bbox 340 869 390 942; x_wconf 89' lang='lat' dir='ltr'>qui</span> <span class='ocrx_word' id='word_1_66' title='bbox 407 868 549 942; x_wconf 82' lang='lat' dir='ltr'>simplices</span> <span class='ocrx_word' id='word_1_67' title='bbox 570 885 628 925; x_wconf 93' lang='lat' dir='ltr'>uon</span> <span class='ocrx_word' id='word_1_68' title='bbox 650 874 723 942; x_wconf 90' lang='lat' dir='ltr'>suut,</span> <span class='ocrx_word' id='word_1_69' title='bbox 746 868 919 943; x_wconf 86' lang='lat' dir='ltr'>quandoque</span> <span class='ocrx_word' id='word_1_70' title='bbox 939 869 1078 944; x_wconf 87' lang='lat' dir='ltr'>facerent,</span> <span class='ocrx_word' id='word_1_71' title='bbox 1100 869 1174 928; x_wconf 90' lang='lat' dir='ltr'>haud</span> 
     </span>
     <span class='ocr_line' id='line_1_9' title="bbox 135 953 1174 1033; baseline 0.003 -21"><span class='ocrx_word' id='word_1_72' title='bbox 135 954 253 1014; x_wconf 91' lang='lat' dir='ltr'>dubium</span> <span class='ocrx_word' id='word_1_73' title='bbox 275 956 344 1029; x_wconf 89' lang='lat' dir='ltr'>quin</span> <span class='ocrx_word' id='word_1_74' title='bbox 363 953 460 1012; x_wconf 92' lang='lat' dir='ltr'>Deum</span> <span class='ocrx_word' id='word_1_75' title='bbox 481 953 670 1029; x_wconf 81' lang='lat' dir='ltr'>offenderent,</span> <span class='ocrx_word' id='word_1_76' title='bbox 692 956 791 1029; x_wconf 90' lang='lat' dir='ltr'>quiin</span> <span class='ocrx_word' id='word_1_77' title='bbox 813 956 868 1030; x_wconf 92' lang='lat' dir='ltr'>eis,</span> <span class='ocrx_word' id='word_1_78' title='bbox 900 955 970 1015; x_wconf 87' lang='lat' dir='ltr'>dum</span> <span class='ocrx_word' id='word_1_79' title='bbox 991 973 1046 1031; x_wconf 92' lang='lat' dir='ltr'>per</span> <span class='ocrx_word' id='word_1_80' title='bbox 1067 955 1174 1033; x_wconf 89' lang='lat' dir='ltr'>simpli-</span> 
     </span>
     <span class='ocr_line' id='line_1_10' title="bbox 136 1040 471 1116; baseline -0.006 -15"><span class='ocrx_word' id='word_1_81' title='bbox 136 1058 184 1101; x_wconf 89' lang='lat' dir='ltr'>ces</span> <span class='ocrx_word' id='word_1_82' title='bbox 204 1041 284 1116; x_wconf 90' lang='lat' dir='ltr'>fiunt,</span> <span class='ocrx_word' id='word_1_83' title='bbox 306 1040 471 1101; x_wconf 87' lang='lat' dir='ltr'>delectatur.</span> 
     </span>
    </p>
   </div>
   <div class='ocr_carea' id='block_1_3' title="bbox 436 1231 918 1413">
    <p class='ocr_par' dir='ltr' id='par_1_3' title="bbox 436 1231 918 1413">
     <span class='ocr_line' id='line_1_11' title="bbox 494 1231 918 1292; baseline 0 -1"><span class='ocrx_word' id='word_1_84' title='bbox 494 1231 728 1292; x_wconf 84' lang='lat' dir='ltr'>CAPITULUM</span> <span class='ocrx_word' id='word_1_85' title='bbox 745 1233 801 1291; x_wconf 89' lang='lat' dir='ltr'>IX.</span> <span class='ocrx_word' id='word_1_86' title='bbox 913 1254 918 1265; x_wconf 92' lang='lat'><strong>·</strong></span> 
     </span>
     <span class='ocr_line' id='line_1_12' title="bbox 436 1353 863 1413; baseline 0 -1"><span class='ocrx_word' id='word_1_87' title='bbox 436 1353 484 1412; x_wconf 85' lang='lat' dir='ltr'>De</span> <span class='ocrx_word' id='word_1_88' title='bbox 505 1354 649 1413; x_wconf 81' lang='lat' dir='ltr'>monacho</span> <span class='ocrx_word' id='word_1_89' title='bbox 672 1354 707 1412; x_wconf 83' lang='lat' dir='ltr'>dc</span> <span class='ocrx_word' id='word_1_90' title='bbox 728 1355 863 1413; x_wconf 74' lang='lat' dir='ltr'>Porceto.</span> 
     </span>
    </p>
   </div>
   <div class='ocr_carea' id='block_1_4' title="bbox 135 1473 1178 3552">
    <p class='ocr_par' dir='ltr' id='par_1_4' title="bbox 135 1473 1178 3552">
     <span class='ocr_line' id='line_1_13' title="bbox 200 1473 1177 1552; baseline 0.001 -18"><span class='ocrx_word' id='word_1_91' title='bbox 200 1475 235 1534; x_wconf 92' lang='lat' dir='ltr'>Iu</span> <span class='ocrx_word' id='word_1_92' title='bbox 255 1475 377 1534; x_wconf 87' lang='lat' dir='ltr'>Porceto</span> <span class='ocrx_word' id='word_1_93' title='bbox 398 1475 556 1535; x_wconf 90' lang='lat' dir='ltr'>monachus</span> <span class='ocrx_word' id='word_1_94' title='bbox 579 1475 696 1550; x_wconf 85' lang='lat' dir='ltr'>quidam</span> <span class='ocrx_word' id='word_1_95' title='bbox 716 1476 769 1534; x_wconf 85' lang='lat' dir='ltr'>fuit</span> <span class='ocrx_word' id='word_1_96' title='bbox 790 1481 888 1534; x_wconf 89' lang='lat' dir='ltr'>tautae</span> <span class='ocrx_word' id='word_1_97' title='bbox 911 1473 1121 1552; x_wconf 72' lang='lat' dir='ltr'>simplicitatis,</span> <span class='ocrx_word' id='word_1_98' title='bbox 1146 1481 1177 1535; x_wconf 88' lang='lat' dir='ltr'>ut</span> 
     </span>
     <span class='ocr_line' id='line_1_14' title="bbox 135 1562 1177 1639; baseline 0.002 -18"><span class='ocrx_word' id='word_1_99' title='bbox 135 1562 254 1639; x_wconf 85' lang='lat' dir='ltr'>singulis</span> <span class='ocrx_word' id='word_1_100' title='bbox 277 1580 351 1638; x_wconf 90' lang='lat' dir='ltr'>pene</span> <span class='ocrx_word' id='word_1_101' title='bbox 374 1562 473 1622; x_wconf 89' lang='lat' dir='ltr'>diebus</span> <span class='ocrx_word' id='word_1_102' title='bbox 494 1565 524 1621; x_wconf 94' lang='lat' dir='ltr'>in</span> <span class='ocrx_word' id='word_1_103' title='bbox 545 1563 670 1637; x_wconf 83' lang='lat' dir='ltr'>balneis,</span> <span class='ocrx_word' id='word_1_104' title='bbox 699 1580 773 1637; x_wconf 90' lang='lat' dir='ltr'>quae</span> <span class='ocrx_word' id='word_1_105' title='bbox 794 1563 835 1621; x_wconf 92' lang='lat' dir='ltr'>ibi</span> <span class='ocrx_word' id='word_1_106' title='bbox 855 1568 922 1620; x_wconf 89' lang='lat' dir='ltr'>aute</span> <span class='ocrx_word' id='word_1_107' title='bbox 945 1564 1057 1621; x_wconf 90' lang='lat' dir='ltr'>ostium</span> <span class='ocrx_word' id='word_1_108' title='bbox 1077 1580 1177 1623; x_wconf 88' lang='lat' dir='ltr'>meua·</span> 
     </span>
     <span class='ocr_line' id='line_1_15' title="bbox 136 1649 1178 1727; baseline 0.002 -19"><span class='ocrx_word' id='word_1_109' title='bbox 136 1653 214 1709; x_wconf 73' lang='lat' dir='ltr'>nterii</span> <span class='ocrx_word' id='word_1_110' title='bbox 233 1650 399 1708; x_wconf 83' lang='lat' dir='ltr'>naturaliter</span> <span class='ocrx_word' id='word_1_111' title='bbox 421 1651 529 1725; x_wconf 91' lang='lat' dir='ltr'>calent,</span> <span class='ocrx_word' id='word_1_112' title='bbox 554 1653 628 1708; x_wconf 89' lang='lat' dir='ltr'>iuter</span> <span class='ocrx_word' id='word_1_113' title='bbox 649 1667 789 1725; x_wconf 89' lang='lat' dir='ltr'>pauperes</span> <span class='ocrx_word' id='word_1_114' title='bbox 810 1649 936 1724; x_wconf 90' lang='lat' dir='ltr'>sederet,</span> <span class='ocrx_word' id='word_1_115' title='bbox 951 1656 990 1708; x_wconf 62' lang='lat' dir='ltr'>‘et</span> <span class='ocrx_word' id='word_1_116' title='bbox 1018 1668 1178 1727; x_wconf 87' lang='lat' dir='ltr'>pauperum</span> 
     </span>
     <span class='ocr_line' id='line_1_16' title="bbox 137 1724 1176 1816; baseline 0.002 -21"><span class='ocrx_word' id='word_1_117' title='bbox 137 1735 222 1797; x_wconf 89' lang='lat' dir='ltr'>dorsa</span> <span class='ocrx_word' id='word_1_118' title='bbox 248 1738 375 1811; x_wconf 88' lang='lat' dir='ltr'>fricaret,</span> <span class='ocrx_word' id='word_1_119' title='bbox 408 1724 502 1811; x_wconf 72' lang='lat' dir='ltr'>ca&#39;pita</span> <span class='ocrx_word' id='word_1_120' title='bbox 530 1737 672 1816; x_wconf 83' lang='lat' dir='ltr'>ablueret,</span> <span class='ocrx_word' id='word_1_121' title='bbox 705 1739 877 1796; x_wconf 85' lang='lat' dir='ltr'>vestimenta</span> <span class='ocrx_word' id='word_1_122' title='bbox 904 1736 1070 1796; x_wconf 74' lang='lat' dir='ltr'>mundaret</span> <span class='ocrx_word' id='word_1_123' title='bbox 1122 1738 1176 1797; x_wconf 89' lang='lat' dir='ltr'>Pro</span> 
     </span>
     <span class='ocr_line' id='line_1_17' title="bbox 137 1823 1176 1899; baseline 0.002 -18"><span class='ocrx_word' id='word_1_124' title='bbox 137 1841 196 1899; x_wconf 87' lang='lat' dir='ltr'>qua</span> <span class='ocrx_word' id='word_1_125' title='bbox 208 1841 238 1883; x_wconf 91' lang='lat' dir='ltr'>re</span> <span class='ocrx_word' id='word_1_126' title='bbox 261 1842 327 1882; x_wconf 89' lang='lat' dir='ltr'>cum</span> <span class='ocrx_word' id='word_1_127' title='bbox 348 1831 407 1882; x_wconf 87' lang='lat' dir='ltr'>tam</span> <span class='ocrx_word' id='word_1_128' title='bbox 418 1825 456 1883; x_wconf 94' lang='lat' dir='ltr'>ab</span> <span class='ocrx_word' id='word_1_129' title='bbox 472 1823 587 1883; x_wconf 86' lang='lat' dir='ltr'>Abbate</span> <span class='ocrx_word' id='word_1_130' title='bbox 603 1842 690 1898; x_wconf 90' lang='lat' dir='ltr'>quam</span> <span class='ocrx_word' id='word_1_131' title='bbox 704 1841 722 1881; x_wconf 91' lang='lat' dir='ltr'>a</span> <span class='ocrx_word' id='word_1_132' title='bbox 734 1824 866 1882; x_wconf 83' lang='lat' dir='ltr'>iratribus</span> <span class='ocrx_word' id='word_1_133' title='bbox 882 1825 1009 1883; x_wconf 87' lang='lat' dir='ltr'>erebrius</span> <span class='ocrx_word' id='word_1_134' title='bbox 1033 1831 1064 1883; x_wconf 92' lang='lat' dir='ltr'>et</span> <span class='ocrx_word' id='word_1_135' title='bbox 1086 1824 1176 1884; x_wconf 79' lang='lat' dir='ltr'>aerius</span> 
     </span>
     <span class='ocr_line' id='line_1_18' title="bbox 137 1899 1175 1987; baseline 0.001 -17"><span class='ocrx_word' id='word_1_136' title='bbox 137 1917 311 1987; x_wconf 82' lang='lat' dir='ltr'>argueretur,</span> <span class='ocrx_word' id='word_1_137' title='bbox 331 1928 389 1969; x_wconf 92' lang='lat' dir='ltr'>uon</span> <span class='ocrx_word' id='word_1_138' title='bbox 410 1918 525 1986; x_wconf 92' lang='lat' dir='ltr'>propter</span> <span class='ocrx_word' id='word_1_139' title='bbox 546 1911 601 1970; x_wconf 91' lang='lat' dir='ltr'>hoc</span> <span class='ocrx_word' id='word_1_140' title='bbox 624 1911 736 1983; x_wconf 87' lang='lat' dir='ltr'>dimisit,</span> <span class='ocrx_word' id='word_1_141' title='bbox 757 1911 809 1968; x_wconf 89' lang='lat' dir='ltr'>sed</span> <span class='ocrx_word' id='word_1_142' title='bbox 830 1910 874 1969; x_wconf 91' lang='lat' dir='ltr'>his</span> <span class='ocrx_word' id='word_1_143' title='bbox 888 1899 985 1969; x_wconf 84' lang='lat' dir='ltr'>verbis</span> <span class='ocrx_word' id='word_1_144' title='bbox 995 1911 1087 1971; x_wconf 85' lang='lat' dir='ltr'>valde</span> <span class='ocrx_word' id='word_1_145' title='bbox 1107 1914 1175 1971; x_wconf 90' lang='lat' dir='ltr'>sim·</span> 
     </span>
     <span class='ocr_line' id='line_1_19' title="bbox 136 1997 1175 2075; baseline 0.003 -20"><span class='ocrx_word' id='word_1_146' title='bbox 136 1997 246 2073; x_wconf 86' lang='lat' dir='ltr'>pliciter</span> <span class='ocrx_word' id='word_1_147' title='bbox 267 1998 425 2073; x_wconf 88' lang='lat' dir='ltr'>respoudit:</span> <span class='ocrx_word' id='word_1_148' title='bbox 458 1998 489 2057; x_wconf 84' lang='lat' dir='ltr'>Si</span> <span class='ocrx_word' id='word_1_149' title='bbox 511 2015 564 2075; x_wconf 82' lang='lat' dir='ltr'>ego</span> <span class='ocrx_word' id='word_1_150' title='bbox 597 1998 682 2057; x_wconf 91' lang='lat' dir='ltr'>modo</span> <span class='ocrx_word' id='word_1_151' title='bbox 706 1997 884 2070; x_wconf 89' lang='lat' dir='ltr'>desisterem,</span> <span class='ocrx_word' id='word_1_152' title='bbox 912 1999 977 2072; x_wconf 87' lang='lat' dir='ltr'>quis</span> <span class='ocrx_word' id='word_1_153' title='bbox 998 1999 1175 2074; x_wconf 86' lang='lat' dir='ltr'>pauperibus</span> 
     </span>
     <span class='ocr_line' id='line_1_20' title="bbox 136 2084 1173 2159; baseline 0.003 -17"><span class='ocrx_word' id='word_1_154' title='bbox 136 2086 192 2143; x_wconf 86' lang='lat' dir='ltr'>ista</span> <span class='ocrx_word' id='word_1_155' title='bbox 220 2084 387 2144; x_wconf 73' lang='lat' dir='ltr'>exhiberet?</span> <span class='ocrx_word' id='word_1_156' title='bbox 439 2085 523 2159; x_wconf 83' lang='lat' dir='ltr'>Quod</span> <span class='ocrx_word' id='word_1_157' title='bbox 550 2089 573 2144; x_wconf 90' lang='lat' dir='ltr'>si</span> <span class='ocrx_word' id='word_1_158' title='bbox 601 2085 688 2158; x_wconf 90' lang='lat' dir='ltr'>alius,</span> <span class='ocrx_word' id='word_1_159' title='bbox 718 2102 803 2159; x_wconf 85' lang='lat' dir='ltr'>quern</span> <span class='ocrx_word' id='word_1_160' title='bbox 835 2084 1003 2159; x_wconf 89' lang='lat' dir='ltr'>simplicitas</span> <span class='ocrx_word' id='word_1_161' title='bbox 1039 2102 1173 2145; x_wconf 77' lang='lat' dir='ltr'>excusare</span> 
     </span>
     <span class='ocr_line' id='line_1_21' title="bbox 136 2171 1172 2247; baseline 0.001 -17"><span class='ocrx_word' id='word_1_162' title='bbox 136 2189 195 2230; x_wconf 91' lang='lat' dir='ltr'>uon</span> <span class='ocrx_word' id='word_1_163' title='bbox 216 2179 327 2247; x_wconf 88' lang='lat' dir='ltr'>posset,</span> <span class='ocrx_word' id='word_1_164' title='bbox 348 2172 416 2230; x_wconf 90' lang='lat' dir='ltr'>talia</span> <span class='ocrx_word' id='word_1_165' title='bbox 437 2174 653 2247; x_wconf 85' lang='lat' dir='ltr'>praesumsisset</span> <span class='ocrx_word' id='word_1_166' title='bbox 676 2179 773 2230; x_wconf 90' lang='lat' dir='ltr'>contra</span> <span class='ocrx_word' id='word_1_167' title='bbox 794 2171 918 2229; x_wconf 87' lang='lat' dir='ltr'>Abbatis</span> <span class='ocrx_word' id='word_1_168' title='bbox 941 2174 986 2229; x_wconf 88' lang='lat' dir='ltr'>sui</span> <span class='ocrx_word' id='word_1_169' title='bbox 1007 2175 1172 2247; x_wconf 91' lang='lat' dir='ltr'>imperium,</span> 
     </span>
     <span class='ocr_line' id='line_1_22' title="bbox 136 2258 1172 2333; baseline 0.001 -16"><span class='ocrx_word' id='word_1_170' title='bbox 136 2258 215 2318; x_wconf 92' lang='lat' dir='ltr'>haud</span> <span class='ocrx_word' id='word_1_171' title='bbox 248 2259 365 2317; x_wconf 90' lang='lat' dir='ltr'>dubium</span> <span class='ocrx_word' id='word_1_172' title='bbox 395 2263 462 2333; x_wconf 91' lang='lat' dir='ltr'>quin</span> <span class='ocrx_word' id='word_1_173' title='bbox 490 2260 586 2318; x_wconf 89' lang='lat' dir='ltr'>Deum</span> <span class='ocrx_word' id='word_1_174' title='bbox 625 2262 748 2333; x_wconf 81' lang='lat' dir='ltr'>graviter</span> <span class='ocrx_word' id='word_1_175' title='bbox 777 2258 947 2317; x_wconf 87' lang='lat' dir='ltr'>offendisset.</span> <span class='ocrx_word' id='word_1_176' title='bbox 997 2258 1105 2318; x_wconf 88' lang='lat' dir='ltr'>Melior</span> <span class='ocrx_word' id='word_1_177' title='bbox 1133 2266 1172 2318; x_wconf 86' lang='lat' dir='ltr'>est</span> 
     </span>
     <span class='ocr_line' id='line_1_23' title="bbox 138 2343 1170 2427; baseline 0 -23"><span class='ocrx_word' id='word_1_178' title='bbox 138 2349 212 2404; x_wconf 90' lang='lat' dir='ltr'>enim</span> <span class='ocrx_word' id='word_1_179' title='bbox 240 2345 413 2427; x_wconf 88' lang='lat' dir='ltr'>obedientia,</span> <span class='ocrx_word' id='word_1_180' title='bbox 443 2364 529 2420; x_wconf 87' lang='lat' dir='ltr'>quarn</span> <span class='ocrx_word' id='word_1_181' title='bbox 557 2346 706 2404; x_wconf 89' lang='lat' dir='ltr'>stultorum</span> <span class='ocrx_word' id='word_1_182' title='bbox 734 2343 905 2424; x_wconf 66' lang='lat' dir='ltr'>uictimael).</span> <span class='ocrx_word' id='word_1_183' title='bbox 958 2345 1047 2421; x_wconf 87' lang='lat' dir='ltr'>Quod</span> <span class='ocrx_word' id='word_1_184' title='bbox 1080 2353 1170 2405; x_wconf 88' lang='lat' dir='ltr'>autem</span> 
     </span>
     <span class='ocr_line' id='line_1_24' title="bbox 136 2432 1170 2511; baseline 0 -21"><span class='ocrx_word' id='word_1_185' title='bbox 136 2433 275 2509; x_wconf 88' lang='lat' dir='ltr'>praedicti</span> <span class='ocrx_word' id='word_1_186' title='bbox 296 2432 429 2506; x_wconf 86' lang='lat' dir='ltr'>simplicis</span> <span class='ocrx_word' id='word_1_187' title='bbox 456 2451 543 2508; x_wconf 90' lang='lat' dir='ltr'>opera</span> <span class='ocrx_word' id='word_1_188' title='bbox 564 2434 627 2491; x_wconf 91' lang='lat' dir='ltr'>Deo</span> <span class='ocrx_word' id='word_1_189' title='bbox 654 2433 822 2511; x_wconf 82' lang='lat' dir='ltr'>placuerint,</span> <span class='ocrx_word' id='word_1_190' title='bbox 852 2449 974 2507; x_wconf 88' lang='lat' dir='ltr'>sequens</span> <span class='ocrx_word' id='word_1_191' title='bbox 1004 2433 1170 2493; x_wconf 87' lang='lat' dir='ltr'>miraculum</span> 
     </span>
     <span class='ocr_line' id='line_1_25' title="bbox 137 2520 1169 2594; baseline 0 -16"><span class='ocrx_word' id='word_1_192' title='bbox 137 2520 301 2579; x_wconf 88' lang='lat' dir='ltr'>declarabit.</span> <span class='ocrx_word' id='word_1_193' title='bbox 343 2520 484 2594; x_wconf 81' lang='lat' dir='ltr'>Tempore</span> <span class='ocrx_word' id='word_1_194' title='bbox 507 2521 632 2594; x_wconf 90' lang='lat' dir='ltr'>quodam</span> <span class='ocrx_word' id='word_1_195' title='bbox 661 2538 725 2578; x_wconf 85' lang='lat' dir='ltr'>curn</span> <span class='ocrx_word' id='word_1_196' title='bbox 754 2520 888 2577; x_wconf 88' lang='lat' dir='ltr'>orationis</span> <span class='ocrx_word' id='word_1_197' title='bbox 911 2536 999 2577; x_wconf 87' lang='lat' dir='ltr'>eausa</span> <span class='ocrx_word' id='word_1_198' title='bbox 1023 2523 1095 2580; x_wconf 88' lang='lat' dir='ltr'>isset</span> <span class='ocrx_word' id='word_1_199' title='bbox 1116 2520 1169 2578; x_wconf 81' lang='lat' dir='ltr'>Co·</span> 
     </span>
     <span class='ocr_line' id='line_1_26' title="bbox 136 2606 1169 2681; baseline -0.001 -16"><span class='ocrx_word' id='word_1_200' title='bbox 136 2606 255 2681; x_wconf 87' lang='lat' dir='ltr'>leniam,</span> <span class='ocrx_word' id='word_1_201' title='bbox 287 2609 316 2664; x_wconf 90' lang='lat' dir='ltr'>in</span> <span class='ocrx_word' id='word_1_202' title='bbox 345 2607 429 2665; x_wconf 90' lang='lat' dir='ltr'>domo</span> <span class='ocrx_word' id='word_1_203' title='bbox 460 2608 608 2665; x_wconf 85' lang='lat' dir='ltr'>cuiusdam</span> <span class='ocrx_word' id='word_1_204' title='bbox 630 2606 765 2665; x_wconf 85' lang='lat' dir='ltr'>Abrahae</span> <span class='ocrx_word' id='word_1_205' title='bbox 793 2606 954 2681; x_wconf 87' lang='lat' dir='ltr'>hospitatus</span> <span class='ocrx_word' id='word_1_206' title='bbox 983 2613 1038 2665; x_wconf 86' lang='lat' dir='ltr'>est.</span> <span class='ocrx_word' id='word_1_207' title='bbox 1081 2607 1169 2666; x_wconf 86' lang='lat' dir='ltr'>Nocte</span> 
     </span>
     <span class='ocr_line' id='line_1_27' title="bbox 137 2693 1169 2770; baseline -0.003 -17"><span class='ocrx_word' id='word_1_208' title='bbox 137 2694 238 2753; x_wconf 88' lang='lat' dir='ltr'>eadem</span> <span class='ocrx_word' id='word_1_209' title='bbox 261 2712 326 2753; x_wconf 90' lang='lat' dir='ltr'>cum</span> <span class='ocrx_word' id='word_1_210' title='bbox 348 2697 459 2770; x_wconf 81' lang='lat' dir='ltr'>signum</span> <span class='ocrx_word' id='word_1_211' title='bbox 481 2698 683 2752; x_wconf 89' lang='lat' dir='ltr'>matutinarum</span> <span class='ocrx_word' id='word_1_212' title='bbox 712 2693 872 2769; x_wconf 87' lang='lat' dir='ltr'>pulsaretur</span> <span class='ocrx_word' id='word_1_213' title='bbox 899 2696 929 2750; x_wconf 92' lang='lat' dir='ltr'>in</span> <span class='ocrx_word' id='word_1_214' title='bbox 952 2693 1076 2753; x_wconf 91' lang='lat' dir='ltr'>ccclesia</span> <span class='ocrx_word' id='word_1_215' title='bbox 1096 2693 1169 2753; x_wconf 87' lang='lat' dir='ltr'>beati</span> 
     </span>
     <span class='ocr_line' id='line_1_28' title="bbox 136 2779 1168 2856; baseline -0.003 -16"><span class='ocrx_word' id='word_1_216' title='bbox 136 2781 225 2856; x_wconf 87' lang='lat' dir='ltr'>Petri,</span> <span class='ocrx_word' id='word_1_217' title='bbox 248 2783 382 2856; x_wconf 88' lang='lat' dir='ltr'>surrexit,</span> <span class='ocrx_word' id='word_1_218' title='bbox 410 2782 533 2855; x_wconf 91' lang='lat' dir='ltr'>illucque</span> <span class='ocrx_word' id='word_1_219' title='bbox 554 2782 704 2855; x_wconf 86' lang='lat' dir='ltr'>festinans,</span> <span class='ocrx_word' id='word_1_220' title='bbox 732 2799 797 2838; x_wconf 89' lang='lat' dir='ltr'>cum</span> <span class='ocrx_word' id='word_1_221' title='bbox 828 2779 921 2838; x_wconf 88' lang='lat' dir='ltr'>solarii</span> <span class='ocrx_word' id='word_1_222' title='bbox 943 2781 1115 2855; x_wconf 89' lang='lat' dir='ltr'>fenestram,</span> <span class='ocrx_word' id='word_1_223' title='bbox 1141 2782 1168 2837; x_wconf 92' lang='lat' dir='ltr'>iu</span> 
     </span>
     <span class='ocr_line' id='line_1_29' title="bbox 137 2869 1167 2943; baseline -0.002 -17"><span class='ocrx_word' id='word_1_224' title='bbox 137 2885 193 2943; x_wconf 92' lang='lat' dir='ltr'>quo</span> <span class='ocrx_word' id='word_1_225' title='bbox 218 2869 384 2943; x_wconf 88' lang='lat' dir='ltr'>dormiebat,</span> <span class='ocrx_word' id='word_1_226' title='bbox 405 2869 522 2927; x_wconf 90' lang='lat' dir='ltr'>vidisset</span> <span class='ocrx_word' id='word_1_227' title='bbox 539 2875 675 2943; x_wconf 88' lang='lat' dir='ltr'>apertam,</span> <span class='ocrx_word' id='word_1_228' title='bbox 698 2870 802 2926; x_wconf 88' lang='lat' dir='ltr'>ostium</span> <span class='ocrx_word' id='word_1_229' title='bbox 815 2884 876 2925; x_wconf 89' lang='lat' dir='ltr'>esso</span> <span class='ocrx_word' id='word_1_230' title='bbox 897 2874 1013 2942; x_wconf 91' lang='lat' dir='ltr'>putans,</span> <span class='ocrx_word' id='word_1_231' title='bbox 1035 2885 1087 2943; x_wconf 91' lang='lat' dir='ltr'>per</span> <span class='ocrx_word' id='word_1_232' title='bbox 1109 2885 1167 2926; x_wconf 88' lang='lat' dir='ltr'>eam</span> 
     </span>
     <span class='ocr_line' id='line_1_30' title="bbox 137 2954 1168 3030; baseline -0.002 -18"><span class='ocrx_word' id='word_1_233' title='bbox 137 2959 238 3029; x_wconf 85' lang='lat' dir='ltr'>exivit,</span> <span class='ocrx_word' id='word_1_234' title='bbox 270 2957 367 3028; x_wconf 79' lang='lat' dir='ltr'>sIcque</span> <span class='ocrx_word' id='word_1_235' title='bbox 402 2956 567 3013; x_wconf 88' lang='lat' dir='ltr'>mirabiliter</span> <span class='ocrx_word' id='word_1_236' title='bbox 604 2956 748 3030; x_wconf 88' lang='lat' dir='ltr'>depositus</span> <span class='ocrx_word' id='word_1_237' title='bbox 780 2954 818 3012; x_wconf 90' lang='lat' dir='ltr'>ad</span> <span class='ocrx_word' id='word_1_238' title='bbox 847 2955 998 3012; x_wconf 88' lang='lat' dir='ltr'>ecelesiam</span> <span class='ocrx_word' id='word_1_239' title='bbox 1034 2955 1168 3030; x_wconf 75' lang='lat' dir='ltr'>persenit.</span> 
     </span>
     <span class='ocr_line' id='line_1_31' title="bbox 136 3041 1168 3117; baseline -0.001 -19"><span class='ocrx_word' id='word_1_240' title='bbox 136 3042 237 3099; x_wconf 87' lang='lat' dir='ltr'>Finitis</span> <span class='ocrx_word' id='word_1_241' title='bbox 258 3044 404 3100; x_wconf 89' lang='lat' dir='ltr'>matutinis</span> <span class='ocrx_word' id='word_1_242' title='bbox 424 3043 551 3117; x_wconf 88' lang='lat' dir='ltr'>rediens,</span> <span class='ocrx_word' id='word_1_243' title='bbox 573 3060 638 3100; x_wconf 89' lang='lat' dir='ltr'>curn</span> <span class='ocrx_word' id='word_1_244' title='bbox 660 3042 697 3100; x_wconf 91' lang='lat' dir='ltr'>ad</span> <span class='ocrx_word' id='word_1_245' title='bbox 718 3045 833 3099; x_wconf 89' lang='lat' dir='ltr'>ianuam</span> <span class='ocrx_word' id='word_1_246' title='bbox 856 3041 957 3098; x_wconf 87' lang='lat' dir='ltr'>douurs</span> <span class='ocrx_word' id='word_1_247' title='bbox 979 3041 1122 3116; x_wconf 89' lang='lat' dir='ltr'>pulsaret,</span> <span class='ocrx_word' id='word_1_248' title='bbox 1143 3047 1168 3099; x_wconf 87' lang='lat' dir='ltr'>et</span> 
     </span>
     <span class='ocr_line' id='line_1_32' title="bbox 135 3128 1168 3203; baseline 0.001 -18"><span class='ocrx_word' id='word_1_249' title='bbox 135 3130 355 3203; x_wconf 82' lang='lat' dir='ltr'>interrogaretur</span> <span class='ocrx_word' id='word_1_250' title='bbox 383 3130 419 3187; x_wconf 86' lang='lat' dir='ltr'>ab</span> <span class='ocrx_word' id='word_1_251' title='bbox 442 3131 703 3203; x_wconf 86' lang='lat' dir='ltr'>intromittentibus,</span> <span class='ocrx_word' id='word_1_252' title='bbox 730 3129 806 3186; x_wconf 89' lang='lat' dir='ltr'>unde</span> <span class='ocrx_word' id='word_1_253' title='bbox 827 3132 938 3186; x_wconf 80' lang='lat' dir='ltr'>veniret</span> <span class='ocrx_word' id='word_1_254' title='bbox 958 3128 1007 3187; x_wconf 82' lang='lat' dir='ltr'>vel</span> <span class='ocrx_word' id='word_1_255' title='bbox 1034 3131 1084 3188; x_wconf 94' lang='lat' dir='ltr'>ubi</span> <span class='ocrx_word' id='word_1_256' title='bbox 1111 3130 1168 3188; x_wconf 82' lang='lat' dir='ltr'>eri·</span> 
     </span>
     <span class='ocr_line' id='line_1_33' title="bbox 136 3215 1167 3291; baseline 0.001 -18"><span class='ocrx_word' id='word_1_257' title='bbox 136 3216 233 3287; x_wconf 82' lang='lat' dir='ltr'>visset,</span> <span class='ocrx_word' id='word_1_258' title='bbox 255 3233 290 3273; x_wconf 83' lang='lat' dir='ltr'>cx</span> <span class='ocrx_word' id='word_1_259' title='bbox 311 3218 370 3274; x_wconf 91' lang='lat' dir='ltr'>eius</span> <span class='ocrx_word' id='word_1_260' title='bbox 391 3219 583 3291; x_wconf 88' lang='lat' dir='ltr'>responsione,</span> <span class='ocrx_word' id='word_1_261' title='bbox 606 3216 683 3291; x_wconf 79' lang='lat' dir='ltr'>qrrod</span> <span class='ocrx_word' id='word_1_262' title='bbox 704 3233 762 3274; x_wconf 91' lang='lat' dir='ltr'>non</span> <span class='ocrx_word' id='word_1_263' title='bbox 783 3217 958 3291; x_wconf 90' lang='lat' dir='ltr'>perostium,</span> <span class='ocrx_word' id='word_1_264' title='bbox 980 3215 1035 3273; x_wconf 90' lang='lat' dir='ltr'>sed</span> <span class='ocrx_word' id='word_1_265' title='bbox 1057 3233 1109 3290; x_wconf 92' lang='lat' dir='ltr'>per</span> <span class='ocrx_word' id='word_1_266' title='bbox 1128 3216 1167 3274; x_wconf 86' lang='lat' dir='ltr'>le-</span> 
     </span>
     <span class='ocr_line' id='line_1_34' title="bbox 136 3301 1168 3383; baseline 0.002 -25"><span class='ocrx_word' id='word_1_267' title='bbox 136 3309 262 3359; x_wconf 88' lang='lat' dir='ltr'>ncstram</span> <span class='ocrx_word' id='word_1_268' title='bbox 284 3320 414 3377; x_wconf 78' lang='lat' dir='ltr'>egressus</span> <span class='ocrx_word' id='word_1_269' title='bbox 431 3305 514 3361; x_wconf 89' lang='lat' dir='ltr'>fuerit</span> <span class='ocrx_word' id='word_1_270' title='bbox 523 3301 552 3383; x_wconf 84' lang='lat'>⁵),</span> <span class='ocrx_word' id='word_1_271' title='bbox 575 3309 775 3379; x_wconf 79' lang='lat' dir='ltr'>cognovcnrut.</span> <span class='ocrx_word' id='word_1_272' title='bbox 818 3302 884 3378; x_wconf 89' lang='lat' dir='ltr'>Ipse</span> <span class='ocrx_word' id='word_1_273' title='bbox 898 3303 953 3361; x_wconf 92' lang='lat' dir='ltr'>sibi</span> <span class='ocrx_word' id='word_1_274' title='bbox 973 3308 1073 3360; x_wconf 88' lang='lat' dir='ltr'>tamen</span> <span class='ocrx_word' id='word_1_275' title='bbox 1095 3305 1168 3361; x_wconf 89' lang='lat' dir='ltr'>eius·</span> 
     </span>
     <span class='ocr_line' id='line_1_35' title="bbox 136 3388 1167 3459; baseline 0 -12"><span class='ocrx_word' id='word_1_276' title='bbox 136 3389 202 3447; x_wconf 88' lang='lat' dir='ltr'>dem</span> <span class='ocrx_word' id='word_1_277' title='bbox 230 3388 358 3447; x_wconf 88' lang='lat' dir='ltr'>miraculi</span> <span class='ocrx_word' id='word_1_278' title='bbox 387 3393 516 3448; x_wconf 90' lang='lat' dir='ltr'>conscius</span> <span class='ocrx_word' id='word_1_279' title='bbox 546 3408 604 3448; x_wconf 93' lang='lat' dir='ltr'>non</span> <span class='ocrx_word' id='word_1_280' title='bbox 630 3391 690 3447; x_wconf 83' lang='lat' dir='ltr'>suit.</span> <span class='ocrx_word' id='word_1_281' title='bbox 740 3391 777 3447; x_wconf 86' lang='lat' dir='ltr'>Et</span> <span class='ocrx_word' id='word_1_282' title='bbox 807 3407 871 3447; x_wconf 91' lang='lat' dir='ltr'>cum</span> <span class='ocrx_word' id='word_1_283' title='bbox 901 3389 1004 3447; x_wconf 89' lang='lat' dir='ltr'>eadem</span> <span class='ocrx_word' id='word_1_284' title='bbox 1033 3390 1167 3459; x_wconf 82' lang='lat' dir='ltr'>fenestra,</span> 
     </span>
     <span class='ocr_line' id='line_1_36' title="bbox 136 3476 1167 3552; baseline -0.004 -17"><span class='ocrx_word' id='word_1_285' title='bbox 136 3477 209 3536; x_wconf 89' lang='lat' dir='ltr'>bene</span> <span class='ocrx_word' id='word_1_286' title='bbox 231 3476 300 3534; x_wconf 90' lang='lat' dir='ltr'>mihi</span> <span class='ocrx_word' id='word_1_287' title='bbox 321 3484 404 3551; x_wconf 87' lang='lat' dir='ltr'>uota,</span> <span class='ocrx_word' id='word_1_288' title='bbox 432 3481 500 3535; x_wconf 86' lang='lat' dir='ltr'>satis</span> <span class='ocrx_word' id='word_1_289' title='bbox 529 3478 588 3536; x_wconf 88' lang='lat' dir='ltr'>alta</span> <span class='ocrx_word' id='word_1_290' title='bbox 609 3480 660 3552; x_wconf 90' lang='lat' dir='ltr'>sit,</span> <span class='ocrx_word' id='word_1_291' title='bbox 692 3477 771 3535; x_wconf 90' lang='lat' dir='ltr'>haud</span> <span class='ocrx_word' id='word_1_292' title='bbox 793 3476 911 3535; x_wconf 91' lang='lat' dir='ltr'>dubium</span> <span class='ocrx_word' id='word_1_293' title='bbox 933 3478 1003 3551; x_wconf 90' lang='lat' dir='ltr'>quin</span> <span class='ocrx_word' id='word_1_294' title='bbox 1027 3478 1167 3536; x_wconf 83' lang='lat' dir='ltr'>asaneus</span> 
     </span>
    </p>
   </div>
   <div class='ocr_carea' id='block_1_5' title="bbox 159 3660 1168 3874">
    <p class='ocr_par' dir='ltr' id='par_1_5' title="bbox 159 3660 1168 3874">
     <span class='ocr_line' id='line_1_37' title="bbox 159 3660 1167 3730; baseline -0.002 -16"><span class='ocrx_word' id='word_1_295' title='bbox 159 3664 190 3730; x_wconf 83' lang='lat'>1]</span> <span class='ocrx_word' id='word_1_296' title='bbox 208 3661 292 3714; x_wconf 78' lang='lat' dir='ltr'>ACDP</span> <span class='ocrx_word' id='word_1_297' title='bbox 310 3660 409 3712; x_wconf 90' lang='lat' dir='ltr'>illius.</span> <span class='ocrx_word' id='word_1_298' title='bbox 430 3692 460 3702; x_wconf 91' lang='lat'><em>-</em></span> <span class='ocrx_word' id='word_1_299' title='bbox 480 3664 511 3730; x_wconf 84' lang='lat'>2)</span> <span class='ocrx_word' id='word_1_300' title='bbox 529 3663 584 3714; x_wconf 89' lang='lat' dir='ltr'>libri</span> <span class='ocrx_word' id='word_1_301' title='bbox 603 3679 719 3715; x_wconf 89' lang='lat' dir='ltr'>eorum.</span> <span class='ocrx_word' id='word_1_302' title='bbox 739 3693 771 3702; x_wconf 82' lang='grc'>-</span> <span class='ocrx_word' id='word_1_303' title='bbox 791 3665 821 3730; x_wconf 82' lang='grc'>3)</span> <span class='ocrx_word' id='word_1_304' title='bbox 840 3662 901 3714; x_wconf 81' lang='lat' dir='ltr'>ACP</span> <span class='ocrx_word' id='word_1_305' title='bbox 928 3661 1033 3729; x_wconf 68' lang='lat' dir='ltr'>dignu</span> <span class='ocrx_word' id='word_1_306' title='bbox 1053 3680 1068 3714; x_wconf 86' lang='lat' dir='ltr'>u</span> <span class='ocrx_word' id='word_1_307' title='bbox 1086 3661 1167 3714; x_wconf 86' lang='lat' dir='ltr'>codice</span> 
     </span>
     <span class='ocr_line' id='line_1_38' title="bbox 201 3732 1168 3874; baseline 0 -93"><span class='ocrx_word' id='word_1_308' title='bbox 201 3732 462 3874; x_wconf 43' lang='grc' dir='ltr'>Ηεὲὂευὲῑῑζῖτξὲἰ</span> <span class='ocrx_word' id='word_1_309' title='bbox 476 3743 510 3784; x_wconf 84' lang='lat' dir='ltr'>et</span> <span class='ocrx_word' id='word_1_310' title='bbox 534 3750 635 3801; x_wconf 84' lang='lat' dir='ltr'>poena</span> <span class='ocrx_word' id='word_1_311' title='bbox 654 3765 682 3774; x_wconf 93' lang='lat'>-</span> <span class='ocrx_word' id='word_1_312' title='bbox 704 3733 844 3801; x_wconf 81' lang='lat' dir='ltr'>placent.</span> <span class='ocrx_word' id='word_1_313' title='bbox 864 3763 894 3772; x_wconf 90' lang='lat'>—</span> <span class='ocrx_word' id='word_1_314' title='bbox 914 3732 1168 3800; x_wconf 75' lang='lat' dir='ltr'>lJEccles.4,1r.</span> 
     </span>
    </p>
   </div>
   <div class='ocr_carea' id='block_1_6' title="bbox 0 0 1224 4170">
    <p class='ocr_par' dir='ltr' id='par_1_6' title="bbox 0 0 1224 4170">
     <span class='ocr_line' id='line_1_39' title="bbox 0 0 1224 4170; baseline 0 1"><span class='ocrx_word' id='word_1_315' title='bbox 0 0 1224 4170; x_wconf 95' lang='lat' dir='ltr'> </span> 
     </span>
    </p>
   </div>
  </div>
 </body>
</html>
