2460 4162
398 270 402 277 ·
419 245 475 307 DE
497 245 759 309 ΤΕΝΤΑΤΙΟΝΕ.
1047 250 1106 309 227

71 371 202 450 gravitm
221 369 285 431 illos
309 367 510 430 damnificavit
554 369 639 447 Quod
658 371 774 445 iratres,
798 374 898 445 utpote
920 370 974 429 viri
993 372 1060 429 iusti
1081 376 1110 431 et

72 460 208 533 timorati,
227 459 354 534 peccatis
372 459 440 528 suis,
461 465 490 517 et
511 460 634 517 maxime
650 463 804 533 conceptae
825 459 855 515 in
875 474 1015 533 pauperes
1036 474 1109 517 ava-

72 546 158 605 ritiae
186 543 370 620 deputantes,
402 550 512 604 mutato
543 544 673 619 oonsilio,
707 547 781 603 sicut
808 550 874 602 ante
896 543 1035 603 beneficia
1055 543 1109 603 illis

72 630 161 693 solita
181 630 387 707 impenderunt.
429 630 632 691 NOVIGIUS:
662 631 775 690 Vellem
796 648 872 690 nunc
894 630 990 705 aliqua
1011 631 1109 691 audire

73 717 209 799 exempla
237 718 274 778 de
301 734 396 794 poena
422 720 560 777 avaritiae
587 720 616 775 in
648 720 709 777 vita
729 719 832 780 intua.
873 715 1107 777 MONACHUS:

16 872 23 883 ‚
73 804 144 865 Hoc
164 804 350 864 differendum
372 810 415 863 est
436 822 528 879 usque
550 804 587 863 ad
610 803 816 864 distinctionem
839 803 1051 878 duodecimam,
1079 806 1109 862 in

72 908 137 968 qua
155 891 336 951 tractandum
357 897 401 950 est
423 890 458 950 de
480 908 575 967 poena
604 897 633 949 et
654 892 744 967 glorie
765 897 949 950 mortuorum.
991 891 1108 950 Interim

71 979 128 1039 tibi
149 977 244 1038 dicam
265 978 408 1054 quaedam
429 978 560 1053 exempla
581 983 680 1037 contra
703 979 865 1052 arentiam,
898 984 930 1036 ut
951 994 1108 1054 cognoscas

74 1071 216 1141 quantum
237 1065 321 1139 boni,
350 1070 525 1140 quantumve
553 1064 661 1140 gloriae
689 1071 898 1139 consequantur
925 1064 970 1138 hi,
999 1067 1048 1139 qui
1070 1066 1107 1123 ab

73 1153 199 1213 avaritia
219 1154 327 1227 tentati,
349 1154 474 1227 superati
495 1168 553 1210 non
573 1151 684 1211 fuerint

426 1340 658 1402 CAPITULUM
678 1341 760 1400 LXI.

93 1461 281 1537 DaAbbate,
303 1466 363 1540 qui,
386 1464 536 1522 cellerario
558 1480 613 1522 suo
636 1461 672 1522 ob
694 1463 796 1522 dolum
818 1463 955 1538 deposito,
979 1464 1086 1522 adoer-

125 1553 213 1609 aoriir
235 1548 321 1625 borso,
337 1567 398 1626 pro
421 1549 526 1625 quibua
548 1549 768 1622 contendebant,
790 1551 871 1609 ultro
893 1550 1009 1622 dimisit,
1032 1559 1060 1608 et

343 1637 445 1695 cadurs
467 1635 505 1694 ab
528 1640 566 1695 eis
588 1643 707 1695 coactus
729 1640 843 1712 recepit

141 1755 243 1816 Abbes
272 1756 389 1833 quidam
415 1759 487 1834 nigri
515 1757 636 1833 ordinis,
669 1760 743 1817 sicut
771 1757 840 1816 mihi
869 1757 963 1816 retulit
991 1757 1108 1832 quidam

70 1843 179 1905 Abbas
201 1843 237 1903 de
259 1843 356 1903 ordine
378 1851 485 1918 nostro,
506 1847 585 1903 venit
606 1844 644 1903 ad
658 1844 804 1904 Abbatem
827 1843 969 1918 quendam
988 1843 1107 1903 Clarae-

71 1929 169 2006 vallis,
190 1930 288 1989 dicens
309 1930 364 1988 illi:
387 1930 511 1989 Domine
527 1922 638 2006 Abbas,
660 1930 726 1991 date
747 1920 939 1990 mihi'salcem
955 1927 981 2008 ¹),
1003 1937 1032 1989 et
1054 1949 1107 2008 ego

72 2016 155 2077 dabo
181 2017 264 2077 vobis
293 2034 413 2076 curvum
440 2016 583 2077 baculum.
626 2017 678 2077 Ille
701 2017 768 2092 quid
790 2018 883 2077 fecere
905 2016 992 2076 vellet
1012 2021 1108 2077 statim

71 2102 243 2180 intelligens,
263 2106 356 2163 virum
370 2107 503 2179 suscepit,
524 2105 654 2164 habitum
675 2107 804 2180 mutavit,
826 2112 856 2164 et
876 2106 943 2180 quia
963 2103 1109 2164 hominem

71 2189 246 2267 prudentem
268 2190 389 2250 eundem
411 2207 473 2250 esse
496 2191 700 2266 consideravit,
732 2209 791 2250 non
811 2192 902 2250 multo
923 2198 990 2265 post
1011 2191 1109 2251 domui

73 2276 192 2338 cuidam
220 2277 324 2336 ordinis
352 2279 441 2336 nostri
461 2275 607 2337 Abbatem
629 2296 694 2338 eum
715 2278 859 2354 praefecit.
900 2278 1011 2336 Eodem
1032 2287 1108 2337 tem-

74 2380 149 2441 pore
177 2362 277 2423 domus
303 2363 378 2422 illius
406 2365 506 2423 fratres
527 2382 579 2441 pro
602 2365 773 2440 quibusdam
794 2366 1027 2440 possessionibus¹
1043 2374 1108 2423 cum

72 2453 206 2527 personis
229 2451 401 2526 quibusdam
423 2450 615 2511 saecularibus
642 2451 854 2511 contenderunt.
897 2451 1043 2510 Ventileta
1065 2466 1109 2510 cst

74 2554 168 2597 eausa
197 2553 292 2596 coram
313 2534 477 2611 iudicibus,
502 2543 531 2596 et
552 2538 619 2597 data
642 2546 685 2597 est
706 2541 845 2597 sententia
866 2555 918 2612 pro
939 2537 1057 2596 Abbatc
1080 2548 1108 2595 ot

72 2624 218 2685 nauibus
250 2624 357 2683 Postea
390 2623 550 2683 cellerarius
564 2624 673 2684 Abbati
691 2631 799 2684 secrete
825 2625 951 2684 dicebat:
973 2624 1108 2694 Domine,

72 2711 153 2771 bene
180 2708 265 2770 hodie
293 2710 492 2786 placitavimus
504 2707 534 2790 ²).
581 2710 684 2770 Sciatis
711 2718 807 2771 tamen
836 2728 952 2770 causam
981 2718 1108 2769 nostram

73 2814 138 2859 non
158 2813 193 2855 ex
216 2799 293 2855 omni
313 2803 394 2872 parte
416 2797 502 2857 luisse
524 2799 636 2856 iustam.
679 2796 786 2856 Audito
808 2798 863 2856 hoc
885 2798 983 2870 verbo,
1004 2797 1107 2856 Abbas

72 2884 148 2945 aris
175 2884 306 2943 turbatus
344 2890 404 2958 est,
433 2885 521 2942 tactrit
559 2891 664 2943 tamen
707 2884 843 2959 Sequenti
877 2884 922 2942 die
945 2884 1108 2958 Capitulum

72 2972 201 3045 11111111,
223 2969 399 3029 cellerarium
420 2969 620 3046 proclamavit,
643 2977 672 3030 et
694 2971 834 3046 deposuit,
856 2987 890 3029 eo
913 2970 990 3045 quod
1012 2976 1107 3029 avari-

42 3090 49 3099 ·
73 3060 137 3119 tiae
150 3073 220 3116 suae
243 3058 393 3116 consulens
408 3059 612 3133 suppressisset
624 3060 781 3118 veritatem.
813 3057 851 3115 Et
871 3059 957 3116 misso
980 3074 1031 3133 pro
1053 3059 1108 3116 ad-

89 3190 127 3259 1)
144 3188 209 3254 quta
226 3188 268 3240 hic
285 3188 351 3241 lalx
369 3189 500 3257 significet,
517 3190 663 3259 intelligitur
680 3207 711 3242 ex
728 3191 816 3243 Homil.
835 3190 876 3241 tv,
894 3206 918 3257 p.
940 3191 997 3253 179,
1015 3192 1057 3241 nbi
1076 3191 1107 3241 dc

145 3257 360 3327 predicatoribus
383 3259 489 3328 loquens
512 3259 658 3325 Caesarius,
681 3263 717 3312 sic
738 3264 785 3312 ait:
817 3260 912 3327 ,qualis
935 3276 992 3311 esse
1016 3261 1108 3312 debeat

145 3330 289 3397 operarius,
312 3344 343 3380 cx
359 3331 414 3397 ipsa
431 3329 495 3380 falce
512 3329 644 3397 figurative
661 3329 854 3382 demonstratur.
889 3329 970 3382 Habet
988 3333 1054 3382 enirn
1073 3336 1108 3381 si·

145 3414 205 3451 num
219 3407 377 3450 recurvatum
396 3406 422 3450 et
439 3397 576 3451 dentatum.
608 3400 690 3452 Curva
708 3409 756 3462 cst,
773 3408 801 3450 nt
820 3410 931 3467 segetem
949 3399 981 3450 ad
1008 3417 1107 3451 manum

145 3469 263 3521 munus
281 3461 395 3536 cblligat3
412 3467 529 3520 dentibus
547 3479 642 3520 armata
661 3478 709 3533 est,
725 3479 754 3520 ut
771 3469 900 3520 collectam
918 3469 1015 3520 lucilius
1032 3486 1110 3536 prac-

145 3535 221 3589 111111.
239 3537 280 3589 Sic
305 3540 385 3589 omnis
402 3537 559 3604 praedicator
575 3541 706 3591 incurvare
724 3556 752 3590 se
769 3538 845 3589 debet
862 3554 908 3606 per
926 3538 1042 3591 humilem
1061 3539 1109 3590 ha·

144 3605 224 3659 bitum
240 3614 318 3674 atque
330 3609 554 3672 conversationem,
570 3616 598 3659 nt
615 3624 660 3675 per
669 3609 807 3676 exemplum
821 3608 995 3660 humiliationis
1007 3608 1109 3660 erudito-

144 3691 188 3729 res
204 3674 276 3728 verbi
292 3674 340 3729 sibi
357 3676 475 3740 attrahat,
491 3686 519 3729 nt
536 3679 571 3730 ita
589 3693 635 3744 per
652 3678 729 3729 aciem
741 3677 905 3742 mordentem,
922 3678 947 3729 id
965 3687 1014 3742 est,
1031 3679 1108 3730 verba

144 3747 325 3813 commissis,
343 3744 411 3814 qnod
428 3748 454 3798 in
472 3748 510 3799 eis
527 3749 644 3801 vitiosum
661 3748 751 3813 fuerit,
767 3747 893 3800 efficacius
910 3747 1048 3800 1111111111.α
1077 3778 1106 3787 -·

144 3814 179 3883 2)
196 3812 218 3869 B
235 3814 480 3883 placidavimus.
