2460 4162
434 182 774 320 massmannus.
1056 239 1115 296 sn

465 425 698 488 CAPITULUM
720 425 753 486 0.

137 549 186 608 De
207 564 355 622 conuerso,
378 548 421 608 od
441 552 524 608 euius
540 548 630 625 pedes
651 547 706 608 sibi
727 548 837 607 ondllo
858 521 1061 624 lectuna'feett.

147 670 310 731 Conversus
331 669 457 747 quidam,
471 671 629 735 ,virbonus
650 687 685 729 ac
708 668 838 746 devotus,
862 687 948 746 quem
969 687 1022 747 ego
1044 671 1118 730 benc

78 759 158 832 novi,
179 760 246 818 culn
260 763 327 818 ante
346 773 437 817 annos
458 773 568 832 paucos
588 774 693 817 navem
714 763 875 833 portantem
895 759 994 816 vinum
1015 774 1119 817 mona-

79 846 160 904 sterii
172 846 218 904 sui
233 843 397 904 deduxisset
410 846 439 903 in
451 843 625 919 Flandriam,
646 850 731 902 nocte
745 843 869 918 quadam
884 842 987 903 ancilla
997 842 1119 920 hospitis

77 934 133 1007 sui,
155 930 225 990 dum
239 931 397 991 secundum
411 931 645 990 consuetudinem
655 929 763 990 lectum
774 930 814 988 illi
826 933 855 988 in
868 930 971 995 solario
987 929 1088 990 domus
1102 929 1117 1011 ¹)

37 1085 42 1095 ,
77 1024 288 1094 praeparasset,
310 1019 364 1078 sibi
379 1017 467 1077 alium
488 1016 526 1076 ad
547 1017 636 1093 pedes
655 1020 784 1077 conversi
805 1018 913 1076 stravit.
957 1016 1118 1077 Conversus

77 1121 147 1164 cum
159 1103 235 1164 dicto
250 1104 434 1180 completorio
451 1106 521 1164 isset
538 1105 674 1178 cubitum,
697 1110 829 1179 essetque
842 1103 959 1164 lucerna
972 1107 1118 1178 exstincta,

78 1190 129 1251 illa
150 1189 265 1252 silenter
286 1197 381 1251 vestes
403 1193 489 1266 exuit,
510 1193 540 1249 in
561 1190 666 1250 lectum
688 1195 889 1267 praeparatum
910 1207 942 1249 se
963 1191 1118 1265 reclinavit,

29 1298 35 1309 ·
76 1276 164 1338 nudis
192 1277 312 1353 pedibus
342 1280 473 1338 conversi
498 1278 612 1354 plantas
633 1276 764 1353 pulsaue,
787 1284 816 1337 et
844 1279 912 1353 quia
939 1279 1003 1352 ipsa
1030 1277 1117 1351 foret,

76 1360 257 1444 medanum)
287 1382 318 1424 se
344 1364 478 1440 prodens.
520 1365 586 1423 Non
611 1363 665 1423 has
687 1367 805 1423 cerastis
825 1363 943 1423 insidias
965 1382 1118 1424 conversus

76 1451 299 1527 observaverat,
327 1453 481 1527 aestimans
508 1451 593 1511 alicui
614 1454 740 1510 virorum
761 1451 883 1510 eundem
904 1450 1011 1510 lectum
1031 1452 1118 1512 luisse

75 1543 288 1615 praeparatum.
330 1537 485 1598 Mordebat
504 1537 553 1597 illa
573 1537 695 1614 ungulas
719 1539 798 1613 equi,
820 1536 849 1595 id
871 1542 928 1612 est,
952 1535 1118 1618 conuersi³),

75 1623 130 1684 sed
144 1619 299 1703 assessorl)
322 1626 391 1700 eius,
412 1623 519 1684 scilicet
539 1627 663 1699 spiritus,
684 1642 735 1700 per
753 1640 922 1684 consensum
943 1641 1002 1683 non
1016 1624 1118 1684 cecidit

75 1717 169 1785 retro,
198 1712 266 1786 quia
287 1728 354 1770 mox
375 1718 408 1770 ut
429 1727 531 1770 vocem
553 1706 720 1781 muliebrem
742 1709 866 1784 audivit,
893 1710 958 1770 ilico
980 1713 1116 1786 sinrexit,

76 1805 174 1858 vestes
196 1797 301 1872 induit,
330 1804 359 1858 et
387 1798 426 1856 ad
446 1798 584 1857 fenestras
605 1797 701 1857 solarii
732 1797 856 1869 vadens,
886 1783 1028 1856 orationes
1050 1815 1117 1857 suas

76 1877 210 1959 diceudo,
230 1901 315 1944 mane
329 1884 386 1944 illic
404 1888 588 1960 exspectavit
621 1883 675 1942 Illa
697 1884 805 1942 diutina
827 1888 1036 1959 exspectatione
1050 1903 1116 1944 sus·

74 1970 304 2048 pmsatendem
320 1971 438 2031 confusa
452 1969 607 2030 deseendit.
650 1969 852 2031 NOVICIUS:
871 1970 947 2047 Quid
969 1976 1013 2030 est
1034 1988 1116 2030 oera-

75 2055 159 2119 stes?
192 2056 427 2118 MONAOHUS:
463 2057 587 2133 Serpens
622 2057 732 2117 habens
767 2074 888 2133 cornua,
929 2060 1006 2118 omni
1042 2059 1116 2117 ferro

77 2143 210 2220 duriora,
242 2143 280 2204 ad
307 2147 397 2205 instar
424 2143 512 2222 gladii
540 2162 576 2204 ex
604 2151 725 2220 utraque
753 2151 834 2220 parte
862 2147 989 2204 incisiva
1032 2144 1116 2204 Unde

77 2229 192 2291 Graece
214 2237 325 2292 cerasta
342 2237 482 2291 vocantur
500 2228 646 2312 comua⁶).
688 2231 815 2290 Luxuria
830 2238 953 2291 cerastes
976 2238 1028 2307 est,
1050 2235 1117 2306 quia

75 2335 136 2378 non
171 2317 264 2378 solum
300 2320 425 2378 animam
450 2318 596 2392 interficit,
628 2317 680 2377 sed
713 2326 741 2379 et
769 2334 872 2394 corpus
899 2319 1117 2395 irreparabiliter

75 2406 242 2480 corrumpit
294 2403 386 2465 Omne
418 2407 494 2464 enim
525 2411 677 2481 peceatum
710 2412 790 2465 extra
822 2422 926 2481 corpus
959 2413 1017 2479 est,
1044 2412 1116 2466 teste

74 2490 230 2569 Apostolo,
251 2493 300 2568 qui
320 2499 418 2552 autem
438 2491 603 2568 fornicatur,
623 2495 653 2551 in
675 2509 777 2568 corpus
799 2510 883 2551 suum
903 2485 1043 2572 peecat⁶).

446 2681 680 2744 CAPITULUM
703 2681 749 2742 CI.

142 2804 190 2863 De
211 2803 398 2881 Praeposito,
420 2808 473 2880 qui
494 2808 621 2864 mortens
642 2823 692 2880 spe
713 2806 959 2864 convalescentiae
980 2822 1047 2863 cum

459 2891 574 2968 femina
590 2895 732 2967 peccavit.

142 3010 290 3071 Recordor
303 3012 450 3073 cuiusdam
469 3011 626 3075 sacerdotis
647 3015 677 3071 in
699 3013 796 3073 ordine
816 3012 1003 3089 Regularium
1023 3012 1115 3073 Prae·
1175 3070 1181 3085 „

73 3096 177 3175 positi,
204 3115 291 3174 quem
317 3101 400 3158 nimis
427 3099 561 3159 insidiose
589 3102 730 3176 nimisque
751 3098 910 3176 periculose
931 3099 1043 3158 luxuria
1064 3117 1115 3175 per

73 3184 211 3245 femmam
238 3186 371 3246 comibus
399 3188 459 3246 suis
485 3185 642 3245 ventilavit
686 3186 759 3246 Cum
786 3190 861 3246 enim
889 3188 1014 3261 graviter
1034 3186 1115 3244 infir-

74 3277 211 3347 maretur,
233 3271 398 3333 dictumest
414 3275 441 3332 ei
461 3289 481 3332 a
501 3272 622 3349 medico,
644 3275 701 3333 imo
722 3291 774 3350 per
795 3273 938 3332 medicum
959 3271 1115 3347 adiabolo,

74 3357 155 3435 quod
169 3357 370 3419 convalescere
391 3375 449 3418 nou
470 3367 577 3437 posset,
598 3362 653 3419 nisi
673 3367 799 3421 uteretur
820 3360 946 3419 muliere.
988 3359 1041 3418 Ille
1063 3378 1115 3436 spe

73 3446 154 3507 uitae
181 3447 354 3523 praesentis,
381 3448 530 3506 immemor
557 3446 684 3522 futurae,
715 3447 849 3507 feminam
881 3449 1030 3524 cognovit,
1061 3463 1114 3506 nee

92 3596 126 3669 i)
144 3595 257 3650 domus
274 3613 315 3649 om
333 3597 362 3651 B.
381 3628 413 3639 -
432 3599 464 3667 2)
483 3598 546 3651 Bllll
563 3599 748 3663 tussiend03
766 3599 831 3651 conl.
850 3598 892 3663 lx,
912 3600 952 3652 10.
970 3599 1001 3664 V,
1018 3600 1060 3651 20.
1081 3629 1111 3640 —

145 3667 179 3737 3)
195 3665 238 3720 Bo
259 3667 391 3735 plantas
414 3670 579 3721 conversi.
599 3698 630 3708 -
658 3669 690 3737 l)
709 3669 750 3722 ΒΡ
773 3678 800 3721 et
823 3685 880 3722 corr
902 3670 926 3722 Α
948 3685 1112 3720 ascensor.

145 3764 179 3777 -
197 3736 333 3806 5)ΑΒ1)Ρ
355 3737 440 3791 undo
464 3738 577 3791 Graeci
595 3747 725 3792 cerasta
743 3748 864 3792 vocant
881 3753 1010 3792 cornus.
1031 3768 1059 3778 -
1080 3739 1112 3806 6]

144 3804 343 3874 Wleflelss·
