2460 4162
134 222 196 285 154
450 216 678 283 DISTINOTIO
697 216 847 282 TERTIA

131 342 256 416 audiret,
281 344 471 418 ingemiscens
497 347 550 404 ait:
578 344 646 405 Heu
673 344 751 420 quod
771 344 900 403 inomni
920 340 1040 419 collegio
1061 341 1172 405 hanun

131 430 386 489 sanctimonialium
414 449 468 490 nec
493 448 552 491 una
582 438 626 490 cst
647 431 683 491 de
704 431 823 503 adultis,
845 446 920 506 quae
940 433 1092 490 caritatem
1112 430 1171 491 hu·

133 516 210 591 beat,
229 516 259 573 id
281 523 334 592 est,
354 535 428 592 quae
450 521 487 576 sit
500 521 560 577 sine
581 525 700 593 peccato
715 517 838 577 mortali.
877 516 944 576 Hoc
964 533 1031 575 eum
1050 512 1170 598 posso¹)

133 620 218 662 nosse
242 620 293 678 pcr
313 607 442 679 spiritum
462 607 682 680 praescientiae,
709 623 765 663 non
788 604 881 663 solum
909 620 945 662 ex
965 602 1171 678 praecedeuti-

133 690 202 764 bus,
224 689 275 749 sed
305 698 334 749 et
361 708 397 749 cx
423 692 663 767 subsequentibus
685 708 849 768 cognosces.
890 689 1079 749 Descendens
1100 708 1170 751 cum

132 776 278 852 praedicto
293 776 409 836 Simone
428 778 528 838 Priore
548 779 634 837 frater
654 778 754 837 Simon
774 778 812 837 ad
832 784 928 852 partes
948 777 1105 852 inferiores,
1125 778 1171 837 si-

132 863 193 921 mul
214 864 412 923 veneruntad
434 865 577 924 dominam
598 864 768 924 Methildam
775 862 796 944 ²)
820 863 856 922 dc
868 862 1033 938 Smitbusin,
1053 869 1168 923 matro-

132 967 200 1008 nam
220 950 305 1009 vaide
326 950 476 1010 honestam
497 970 531 1011 ac
546 951 689 1025 devotam,
710 968 785 1026 quae
800 950 847 1008 diu
861 950 941 1008 illum
952 949 1169 1011 desideraverat

131 1034 270 1116 viderc³),
293 1055 327 1097 eo
350 1037 427 1113 quod
455 1038 545 1097 multa
573 1038 699 1097 audisset
720 1038 755 1097 de
783 1037 841 1095 iilo.
890 1035 1057 1111 Sedensque
1085 1038 1169 1097 nuta

133 1139 205 1198 eam,
225 1141 277 1199 per
297 1127 477 1199 interpretem
488 1121 510 1203 ⁴)
533 1127 718 1201 cogitationes
732 1124 824 1184 cordis
837 1125 898 1183 eius
911 1125 937 1181 ei
956 1123 1106 1198 revelavit,
1124 1124 1169 1183 ita

132 1216 164 1268 ut
183 1210 336 1285 plurimum
357 1214 507 1270 miraretur
526 1217 636 1269 tantam
657 1215 686 1269 in
706 1211 821 1270 homine
842 1211 971 1286 gratiam.
1012 1209 1098 1269 Haeo
1125 1209 1165 1271 ab

132 1296 259 1356 eiusdem
280 1305 427 1357 matronae
449 1315 497 1356 ore
515 1298 620 1356 audivi.
651 1299 737 1371 Vere,
757 1299 857 1372 inquit,
879 1296 1000 1371 domine,
1020 1293 1167 1370 ipsemiiri

133 1382 203 1441 dixit
224 1402 410 1459 quaecunque
420 1380 439 1464 ⁵)
463 1387 594 1460 cogitavi.
606 1417 647 1426 -
661 1382 747 1442 Anno
769 1384 930 1459 praeterito,
951 1379 1047 1461 cum⁶)
1068 1381 1167 1441 domi-

131 1488 186 1529 nus
217 1471 399 1547 Engilbortos
426 1470 666 1545 Archiepiscopus
699 1469 875 1529 cotoniensis
902 1469 1053 1528 Decanum
1084 1468 1166 1530 Hor·

131 1575 268 1616 mannum
298 1566 326 1617 ot
355 1557 566 1617 Godescalcum
602 1559 663 1616 eius
692 1559 915 1616 concanonicum
949 1555 1100 1615 direxisset
1125 1554 1167 1617 cd

133 1647 240 1703 curiam
251 1645 411 1715 Romanam
432 1662 484 1721 pro
506 1644 684 1704 absolutionc
706 1639 834 1722 crucis⁷),
856 1649 885 1701 et
903 1644 1166 1703 invenissentouu·

133 1730 198 1790 dem
219 1731 366 1791 Simonem
386 1735 416 1791 in
438 1732 562 1807 quadam
583 1733 720 1807 grangia,
752 1731 888 1788 sciscitati
914 1735 981 1787 sunt
1007 1729 1045 1788 ab
1067 1745 1106 1789 eo
1127 1728 1165 1789 do

131 1836 268 1894 processu
289 1815 432 1898 negotii).
475 1819 555 1879 Sicut
576 1821 616 1877 eis
638 1820 747 1891 evenit,
772 1818 819 1876 ,ita
847 1814 882 1873 de
910 1818 950 1875 eis
971 1814 1166 1891 prophetavit.

132 1905 243 1979 Nuncii,
264 1909 372 1981 inquit,
393 1907 530 1982 Episcopi
550 1918 652 1980 parum
672 1906 703 1962 in
724 1904 802 1962 curia
821 1901 984 1977 proficient,
1004 1902 1167 1963 monachus

128 2008 210 2051 uero*
230 1992 302 2050 bone
333 1995 478 2068 negotium
511 2010 595 2051 suurn
623 1989 763 2065 expediet
816 1987 975 2063 Utrumque
1002 1991 1044 2048 rei
1071 1991 1167 2049 exitus

132 2080 337 2154 comprobavit.
380 2079 455 2136 Nam
475 2079 515 2135 illi
535 2079 638 2136 iniecto
647 2074 668 2156 ⁹)
689 2079 804 2153 negotio
827 2078 932 2135 reversi
953 2082 1031 2150 sunt,
1058 2092 1167 2135 mona·

133 2165 204 2224 chus
225 2182 294 2224 vcro
315 2171 424 2239 noster,
454 2182 540 2239 quern
562 2182 627 2223 curn
650 2166 690 2222 eis
711 2165 854 2236 misimuS,
881 2163 922 2220 ibi
943 2162 1064 2220 obtinuit
1085 2161 1166 2237 quod

132 2252 232 2312 voluit.
274 2252 348 2311 Sunt
368 2251 462 2310 adhuc
484 2251 540 2310 alia
561 2250 651 2308 muita
673 2255 702 2307 ct
714 2266 819 2324 magna
834 2251 962 2307 conversi
972 2247 1056 2307 huius
1067 2265 1166 2324 opera,

133 2356 207 2414 quac
228 2338 265 2397 ad
286 2356 380 2396 meam
401 2341 531 2397 notitiam
556 2353 615 2395 non
635 2341 832 2412 pervenerunt
874 2335 920 2392 Ex
942 2335 1046 2409 quibus
1065 2340 1165 2395 tamen

132 2425 274 2501 quaedam
296 2425 407 2499 audivi,
439 2441 514 2499 quac
535 2424 657 2482 scribere
678 2422 772 2497 uolui,
804 2438 838 2481 eo
860 2420 938 2497 quod
959 2421 1049 2479 relata
1069 2423 1168 2483 minus

133 2513 207 2572 benc
228 2515 398 2571 retinuerim.
442 2511 536 2570 Satius
554 2507 581 2589 ¹⁰)
605 2509 672 2567 duxi
694 2511 780 2567 etiam
801 2526 870 2567 vera
896 2508 1053 2581 subticere,
1074 2524 1165 2582 quarn

131 2599 203 2659 salsa
224 2600 355 2659 scribere.
397 2596 599 2658 NOVICIUS:
620 2596 718 2669 Miror,
739 2597 764 2654 si
784 2597 828 2654 vir
848 2595 912 2653 talis
933 2611 968 2652 ac
990 2600 1086 2653 tantm
1108 2593 1165 2653 ali·

133 2704 205 2762 quas
236 2686 382 2763 pertulerit
409 2686 588 2744 tentationes.
637 2681 872 2742 MONACHUS:
904 2681 985 2740 Sicut
1019 2678 1118 2739 audivi
1145 2697 1164 2741 u

152 2892 181 2961 ⁰
199 2906 295 3021 itui
312 2881 1050 3021 suritaotiositatistute·
1063 2880 1164 3005 diti

198 3030 302 3081 Volscn:
322 3028 368 3079 Die
385 3026 457 3078 Stadt
474 3026 560 3089 Cicvc,
576 3033 624 3076 etc.
642 3041 666 3091 p.
684 3025 744 3076 270.
762 3020 794 3060 '—
813 3023 845 3089 3)
863 3022 882 3073 Β
900 3037 981 3088 quae
999 3020 1088 3072 ilium
1107 3019 1164 3073 din

199 3099 315 3153 videre
333 3096 594 3157 dcsideraverat3
613 3093 687 3161 panio
705 3092 835 3160 postADP
853 3091 890 3141 dc
908 3106 954 3142 co.
969 3119 1001 3128 -
1019 3090 1052 3158 t)
1069 3088 1095 3140 id
1114 3098 1164 3153 cst,

198 3168 379 3237 perspiritum
398 3175 519 3216 sanctum.
538 3194 570 3201 -
590 3165 620 3231 5)
639 3163 658 3215 G
676 3166 781 3214 omnia
799 3175 1021 3228 quaecunque.
1041 3189 1071 3199 -
1091 3158 1125 3226 6)
1142 3158 1164 3213 ὓ

198 3238 275 3290 dum.
294 3267 326 3276 -
345 3237 376 3301 7)
394 3235 443 3286 vu.
462 3235 487 3286 S.
505 3232 610 3300 Eugelb.
628 3233 658 3292 11,
675 3234 699 3283 8.
719 3249 743 3300 p.
762 3232 828 3284 3172
864 3231 943 3294 „sicut
960 3233 1032 3279 testis
1049 3236 1088 3279 cst
1105 3244 1164 3279 ma-

197 3311 276 3377 gister
293 3305 419 3358 iohannes
437 3304 522 3356 Abbas
541 3305 620 3353 sancti
637 3301 773 3363 Tradunis,
797 3306 962 3366 proposuerat
979 3307 1037 3349 ante
1055 3306 1163 3349 mortem

197 3394 266 3431 sirum
285 3377 374 3427 beatus
392 3375 486 3440 ttnrcyr
503 3376 649 3424 renunciare
666 3373 775 3440 negotiis
791 3371 873 3437 regui,
890 3377 916 3419 ct
934 3369 1098 3434 propeccatis
1108 3369 1163 3418 suis

197 3462 270 3499 croco
297 3446 390 3511 signari
417 3454 492 3512 atquc
519 3442 682 3509 personaliter
709 3440 878 3492 transfretare.
918 3438 980 3489 Nam
1007 3439 1072 3488 circa
1098 3435 1162 3487 iliud

196 3527 304 3582 tempus,
322 3530 371 3582 quo
390 3517 415 3565 in
434 3515 585 3580 Episcopum
603 3512 697 3563 electus
715 3520 763 3569 est,
781 3511 893 3576 signatus
911 3508 1000 3558 iuerat.
1036 3505 1084 3557 Sed
1097 3520 1162 3572 pro·

195 3596 252 3655 ptcr
268 3586 443 3636 necessitatem
462 3598 616 3634 communem
635 3580 761 3641 detentus,
778 3578 879 3629 domino
896 3578 1006 3628 Honorio
1019 3576 1087 3642 Papa
1106 3574 1162 3626 dis-

195 3664 326 3725 pensante,
344 3670 389 3721 pro
408 3670 435 3703 sc
453 3652 543 3704 milites
561 3653 628 3702 misit
645 3666 700 3702 cnm
718 3647 840 3701 sumtibus
858 3649 978 3715 magnis.“
998 3674 1029 3683 —
1057 3645 1089 3711 8)
1107 3660 1162 3695 ue·

197 3727 280 3795 gorii
298 3742 337 3776 om
357 3724 376 3775 B
394 3732 420 3774 ct
438 3723 507 3789 prA.
527 3751 557 3761 -
577 3722 609 3791 9)
625 3720 690 3773 Aue
707 3716 911 3785 imperfecto.
930 3745 961 3756 -
983 3714 1031 3783 10)
1048 3714 1069 3766 D
1087 3728 1161 3767 san-

197 3797 296 3860 ctius,
313 3794 333 3847 G
351 3795 457 3845 satius
474 3792 563 3843 onim.
