2438 4170
125 113 186 170 aaa
435 106 663 170 nrsnnvcmo
686 107 851 186 Qunam
893 100 906 125 ·

125 235 177 307 rit,
206 237 239 289 ut
267 229 358 290 redire
379 237 552 307 proponeret
572 230 612 291 ad
632 230 788 291 saeculum.
829 231 924 291 Nocte
944 229 1072 307 quadam
1091 248 1154 295 eum

125 324 213 378 staret
232 319 262 375 in
283 317 386 392 choro,
416 325 445 377 et
464 324 559 377 mente
579 324 727 393 tractaret,
750 317 865 393 quando
886 317 934 378 vel
955 317 1097 394 quomodo
1116 318 1155 385 da

125 406 296 465 monasterio
318 407 415 479 exiret,
439 405 624 480 praetaedio
646 411 762 465 cantare
782 421 841 464 non
862 406 965 480 potuit
1007 406 1043 465 In
1062 404 1154 466 land-

101 493 180 555 ,bus
201 508 278 566 vero,
300 488 391 570 dum1)
414 494 557 551 canticum
578 493 669 551 sancti
690 491 810 551 Abacuc
831 491 1009 567 psalleretur,
1029 508 1063 552 eo
1076 495 1154 568 quod
1198 528 1202 551 :

127 584 203 637 esset
229 578 299 637 seria
326 584 422 653 sexta,
449 581 508 636 iam
537 576 629 637 dictus
649 577 752 637 Abbas
780 577 819 636 ad
848 578 1029 639 excitandum
1054 579 1153 643 iteum
1200 620 1203 627 ·

126 666 262 724 circuivit
305 664 361 740 Qui
383 682 449 724 eum
469 667 595 723 venisset
616 664 654 724 ad
674 665 847 724 monachum
868 665 949 723 illurn
962 666 1153 745 fluctuantmn,

126 758 156 812 ct
175 769 233 810 non
255 757 396 827 cantaret,
416 758 521 827 putans
544 750 610 811 enm
632 751 768 826 dormire,
789 769 821 810 se
842 750 881 811 ad
901 752 982 833 illum
1003 752 1153 829 inclinavit,

126 845 155 898 et
174 837 355 912 versiculum,
380 840 429 915 qui
450 838 551 897 eadem
571 838 643 897 hora
663 837 828 914 psallendus
850 845 920 914 erat,
940 841 970 898 in
991 856 1084 899 aurem
1100 841 1152 899 ri-
1217 913 1219 921 Α

125 925 238 1004 gilantis
265 925 373 984 fortiter
401 925 550 998 clamavit,
579 925 690 984 dicens:
717 925 896 1001 Egredietnr
923 925 1057 986 diabolus
1080 931 1154 987 orte

121 1013 210 1088 pedes
232 1015 292 1071 nna
303 1009 336 1089 ²).
380 1012 445 1088 Qua
464 1029 537 1071 voce
559 1013 664 1087 audita,
686 1014 755 1071 satis
776 1015 888 1071 territus
911 1019 955 1072 est
975 1012 1030 1088 ille,
1049 1018 1153 1089 potans

123 1099 270 1159 Abbatcm
291 1116 343 1174 per
363 1098 489 1174 aliquam
510 1098 713 1157 revelationem
735 1101 921 1175 cogitationes
949 1117 1017 1159 suas
1036 1114 1155 1175 perrer-

124 1203 171 1246 sas
193 1188 280 1260 seire,
307 1186 410 1261 quibus
438 1191 497 1243 tam
528 1186 676 1245 manifeste
698 1182 867 1265 sententia³)
888 1186 1055 1261 prophetica
1071 1188 1159 1245 visus

124 1279 168 1332 est
187 1271 368 1348 respondere.
409 1271 471 1331 Nec
491 1271 572 1331 aliter
591 1272 752 1349 intelligens
773 1273 866 1332 verba
873 1271 1045 1348 Prophetae,
1064 1276 1174 1348 qum'

122 1375 174 1436 pro
196 1360 338 1434 nefasta,
370 1361 464 1417 timuit
483 1357 712 1419 maledictionem
734 1361 795 1418 eius
823 1361 848 1417 si
875 1361 968 1419 abiret
999 1362 1165 1424 tremere,

123 1451 152 1506 et
173 1445 319 1505 diabolum
338 1447 445 1504 itineris
466 1447 511 1504 sui
533 1444 636 1506 ducem
655 1446 772 1505 habere.
814 1444 920 1521 Sicquo
941 1447 1045 1507 virtrrte
1057 1445 1168 1505 dirim

122 1533 238 1593 amalo
259 1536 406 1608 proposito
428 1530 628 1614 revocatum),
656 1533 766 1592 stabilis
786 1533 878 1593 sactus
901 1539 960 1607 est,
987 1539 1017 1595 ct
1036 1533 1171 1593 mirw

122 1626 166 1680 est
185 1619 288 1680 Abbas
301 1626 342 1705 ⁸ut
361 1619 507 1678 intellexit

467 1790 700 1852 cnnmnnnn
726 1791 806 1852 ιιι.
871 1756 875 1763 ’

120 1914 168 1972 De
188 1914 420 1985 sanctimoniali,
450 1930 528 1990 qnae
557 1913 629 1973 dnm
649 1921 735 1972 nocte
755 1915 872 1973 vellet
860 1932 905 1972 are
926 1913 969 1973 ed
987 1912 1186 1974 caenam»

220 2008 248 2059 et
269 2007 359 2076 capnt
382 2003 454 2060 ostio
476 2001 657 2074 illiderete
680 2004 840 2061 tentatione
860 2000 987 2060 liberata
1009 2007 1057 2060 eat

184 2138 412 2199 Sanctimonialis
434 2138 577 2213 quaedam
598 2141 673 2198 circa
685 2140 855 2216 principium
871 2134 1192 2200 conversionnsosst

120 2227 222 2283 sicut
214 2243 278 2326 rpsa
298 2225 367 2283 mihi
388 2227 496 2302 retulit,
525 2233 586 2284 tarn
612 2229 737 2301 graviter
764 2232 874 2286 tentata
894 2227 962 2301 suit,
991 2233 1023 2286 ut
1044 2215 1195 2285 dolente

119 2329 150 2370 se
171 2314 284 2370 venisse
305 2312 343 2370 ad
364 2313 538 2389 religionem.
581 2313 707 2371 Reduxit
739 2315 765 2373 ei
797 2312 928 2373 diabolus
960 2320 1026 2373 ante
1057 2300 1195 2372 cordiis

120 2398 217 2458 oculos
227 2396 247 2479 ⁵)
271 2399 385 2458 delicias
407 2400 522 2475 saeculi,
544 2417 617 2475 quas
639 2400 791 2474 dimiserat,
810 2402 959 2475 penuriam
980 2388 1196 2460 monosemi

119 2503 205 2560 quam
227 2487 447 2561 sustinebat,t
419 2492 447 2546 et
470 2490 563 2562 coepit
585 2504 620 2545 ex
641 2487 696 2546 hoc
718 2490 821 2546 tentari
841 2489 1022 2562 graviterque
1043 2476 1194 2546 conmil-

118 2570 225 2652 scafis).
268 2572 350 2648 Quae
373 2591 439 2632 cum
460 2576 630 2633 tentationes
652 2573 756 2632 diutius
777 2576 917 2632 sustinere
948 2592 1007 2632 non
1037 2589 1097 2649 poss
1110 2568 1194 2634 dl

118 2667 201 2719 nocte
223 2660 348 2734 quadam
369 2663 430 2718 voti
457 2663 501 2718 sui
532 2663 695 2734 immernor,
725 2659 863 2734 delecto
891 2678 1026 2737 surgens,
1054 2665 1080 2719 ct
1165 2649 1192 2708 dl

117 2749 288 2805 monasterio
311 2748 407 2823 egredi
428 2747 537 2820 volens,
558 2746 596 2805 ad
618 2750 721 2806 ostium
743 2746 896 2821 quoddam,
918 2747 996 2822 quod
1017 2738 1189 2807 adami

117 2836 218 2892 terium
234 2832 319 2907 ducit,
341 2837 427 2908 venit,
448 2841 480 2891 ut
500 2833 654 2893 transsilito
668 2850 748 2892 muro
767 2832 805 2892 ad
820 2834 968 2892 saeculum
979 2837 1039 2893 iret
1064 2831 1186 2890 Nun

116 2919 171 2979 Dei
192 2919 299 2977 factum
329 2925 385 2995 est,
418 2926 450 2977 ut
478 2922 507 2977 in
536 2923 673 2995 superiori
699 2919 794 2978 limine
826 2927 886 2980 tam
913 2921 1021 2980 fortiter
1051 2915 1183 2992 capite

51 3006 55 3013 ’
115 3008 297 3082 impingeret,
326 3013 358 3064 ut
386 3024 524 3066 concusso
552 3008 668 3082 cerebro
700 3013 854 3066 retrorsum
881 3008 1010 3082 caderet,
1041 3012 1067 3065 ct
1110 2999 1179 3059 (liu

116 3095 197 3166 quasi
220 3095 356 3151 exanimis
377 3096 491 3151 iaceret.
535 3093 665 3152 Tandem
686 3093 723 3152 ad
745 3111 777 3152 se
799 3111 914 3153 reversa
935 3096 993 3153 ait:
1016 3093 1074 3170 Quo
1137 3087 1176 3145 vit

114 3181 168 3253 ire,
190 3179 314 3237 misera?
359 3179 442 3255 Quod
465 3179 579 3239 diabolo
602 3181 738 3254 debuisti,
760 3181 815 3239 hoc
837 3181 991 3240 exsolvisti.
1032 3181 1172 3238 Rever-

113 3273 172 3325 tere
193 3283 268 3324 nunc
290 3269 319 3324 in
342 3267 496 3326 claustrum
518 3275 613 3342 tuum,
646 3271 712 3342 quia
738 3285 795 3326 non
817 3274 860 3326 est
881 3268 1014 3327 voluntas
1033 3263 1114 3324 Dei
1146 3264 1172 3316 ul

111 3370 233 3428 usquam
254 3353 352 3411 vadas.
395 3353 486 3413 Vides
509 3371 595 3429 quarn
623 3355 841 3414 misericorditer
862 3354 943 3414 Deus
973 3370 1039 3414 suos
1072 3361 1170 3405 enn-

129 3469 340 3537 lJDcnmm
361 3469 643 3537 2)llabac.,.-35
664 3471 938 3539 3JHom..-voce
964 3471 994 3539 4)
1012 3464 1081 3523 An?
1130 3472 1171 3510 10·

180 3548 320 3590 vocatus
338 3555 352 3589 a
370 3539 450 3591 malo
468 3542 700 3607 proposito—
721 3543 753 3608 5)
770 3541 834 3593 ADP
852 3550 928 3593 ante
946 3540 1054 3592 cordis
1079 3545 1118 3580 0
1133 3541 1171 3577 ⁰¹¹·

179 3609 224 3659 los
255 3607 472 3660 diabolusoe
508 3611 539 3677 6)
563 3610 583 3662 Ο
609 3612 737 3662 tentari
759 3613 974 3680 graviterque
997 3609 1174 3663 tris²8¹¹

175 3678 240 3730 ADP
256 3680 405 3749 graviter
423 3681 549 3733 tantari
565 3688 598 3732 ct
615 3681 817 3733 contristari.
