2460 4162
119 214 181 276 nos
436 191 665 275 uisumcuro
689 210 854 291 Qunam

117 340 173 398 bus
194 337 349 413 praecepit.
391 334 459 412 Ipse
478 353 547 396 vero
569 337 599 394 in
619 337 734 412 propria
747 352 879 411 persona,
900 339 1041 410 quantum
1058 334 1162 413 valuit,

117 425 244 488 Domino
266 423 439 499 supplicavit
459 440 510 498 pro
532 423 590 481 illa.
632 422 825 483 Hebdomada
847 421 1003 499 completa,
1025 439 1162 485 reversus

121 511 160 571 ad
183 528 247 570 eam
268 513 323 572 ait:
353 509 504 586 Quomodo
533 509 620 570 modo
637 505 654 589 ¹)
683 510 785 585 habes,
811 508 891 569 lilia?
912 509 1075 585 Respondit
1095 511 1162 570 illa:

122 588 252 674 opace,
280 604 372 673 pater.
414 597 571 672 Nunquam
598 597 700 655 melius
711 594 743 677 ²).
784 597 862 656 Infra
889 596 943 655 hos
965 596 1026 656 dies
1048 603 1163 674 septem

119 685 185 762 plus
208 702 272 744 sum
292 683 455 759 laetificata,
476 684 541 759 plus
556 683 712 758 consolata,
727 701 814 758 quam
827 689 893 742 ante
906 689 988 742 tuum
1002 683 1163 743 discessum

119 773 221 832 fuerim
262 773 444 831 contristata¹
466 770 514 830 vel
546 770 706 846 desperata.
763 770 936 830 Sciscitante
972 786 1007 830 eo
1041 787 1163 831 causam

29 890 33 901 r
120 858 330 932 consolationis,
351 860 392 916 ait
412 857 474 916 illa:
495 857 590 932 Pater,
612 857 791 916 oculis‘meis
811 857 871 916 vidi
893 856 1046 933 dequibus
1070 857 1162 918 dubi-

118 948 187 1005 tavi.
230 946 302 1004 Post
319 941 477 1003 discessum
498 950 580 1003 tuum
594 947 691 1003 anima
703 961 769 1002 mea
791 943 827 1003 de
841 960 959 1019 corpore
979 944 1033 1002 fuit
1046 944 1163 1020 educta,

119 1040 149 1093 et
169 1031 230 1092 vidi
251 1037 365 1091 sanctos
387 1031 520 1107 angelos,
548 1031 606 1090 vidi
628 1033 738 1090 animas
758 1031 924 1106 beatorum,
951 1031 1012 1091 vidi
1031 1034 1163 1107 praemia

27 1146 29 1154 2
116 1120 266 1181 iustorum.
310 1117 420 1194 Corpus
449 1124 546 1176 autern
567 1135 664 1176 meum
692 1117 752 1176 vidi
775 1117 865 1176 oculis
887 1119 1000 1177 animae
1021 1120 1052 1176 in
1072 1119 1160 1195 pavi-

116 1213 212 1266 mento
240 1205 359 1264 cellulae
385 1221 468 1263 meae
489 1207 530 1263 ita
552 1221 698 1282 exsangue
725 1205 818 1264 iacere
847 1210 877 1264 et
896 1204 1051 1280 pallidum,
1084 1207 1163 1265 sicut

116 1292 308 1354 herbamsine
322 1308 408 1351 succo
425 1297 454 1350 et
474 1292 637 1351 malaciam.
668 1292 846 1369 Interrogata
867 1292 904 1350 ab
916 1289 1042 1366 Abbate,
1064 1291 1161 1367 qualis

122 1386 199 1440 esset
219 1379 326 1455 effigies
347 1381 473 1453 animae;
502 1378 662 1454 respondit:
689 1377 797 1437 Anima
824 1373 985 1437 substantia
1005 1378 1162 1455 spiritualis

120 1473 173 1542 est,
194 1472 223 1525 ct
243 1469 273 1525 in
294 1467 338 1524 sui
351 1462 372 1545 ³)
383 1472 486 1524 natura
498 1465 655 1541 sphaerica,
675 1465 714 1523 ad
726 1464 938 1524 similitudinem
949 1464 1029 1542 globi
1042 1465 1160 1525 lunaris.

119 1552 165 1613 Ex
186 1555 263 1612 omni
284 1559 365 1629 parte
387 1552 473 1612 videt.
506 1551 629 1628 Quando
651 1569 720 1612 vero
743 1555 855 1611 animae
873 1553 1019 1611 exsistenti
1038 1554 1069 1611 in
1092 1569 1159 1613 cor-

118 1657 188 1717 pore
210 1640 329 1716 angelus
350 1641 412 1699 sive
433 1642 529 1698 anima
550 1645 683 1715 apparet,
715 1641 744 1697 in
766 1639 937 1698 liniamentis
958 1641 1104 1715 corporeis
1126 1655 1160 1699 m

119 1727 252 1788 ostendit.
295 1726 418 1803 Quando
446 1728 543 1786 anima
571 1729 710 1785 exsistens
738 1728 768 1783 in
798 1743 883 1786 carne
914 1741 932 1783 a
954 1742 1040 1784 came
1066 1725 1161 1786 libera

120 1821 172 1890 est,
193 1816 306 1873 animae
327 1813 466 1874 consimili
486 1814 570 1873 sicuti
591 1819 635 1872 est
655 1809 812 1891 apparet).
854 1810 1058 1872 NOVICIUS:
1079 1811 1160 1875 Huic

119 1903 223 1961 visioni
254 1902 324 1975 satis
357 1899 512 1960 concordat
547 1899 625 1976 quod
655 1897 758 1959 Abbas
790 1895 995 1979 Morimundi⁵)
1031 1901 1161 1959 arrimam

119 2004 210 2062 suam,
232 1989 391 2046 amortuis
412 1985 532 2061 rediens,
554 1985 674 2044 similam
697 2003 760 2046 esse
782 1985 852 2047 dixit
872 1987 935 2045 vasi
948 1987 1049 2059 vitreo,
1070 1992 1101 2045 et
1123 2003 1161 2046 ex

120 2076 197 2135 omni
218 2080 299 2148 parte
327 2074 484 2147 oculatam,
506 2076 580 2132 sicut
601 2075 716 2131 memini
737 2079 766 2132 tc
794 2072 897 2130 dixisse
925 2074 955 2130 in
977 2071 1161 2132 distinctione

118 2162 210 2236 prima
233 2160 357 2234 capitulo
379 2162 520 2218 tricesimo
539 2158 674 2218 secundo.
712 2157 948 2218 MONACHUS:
971 2156 1158 2240 Quaedaml)

120 2249 207 2306 etiam
234 2247 331 2305 retulit
364 2245 465 2305 eadem
497 2245 719 2305 sanctimonialis
751 2246 787 2305 de
819 2246 944 2305 adventu
972 2245 1160 2321 Antichristi,

120 2351 194 2409 quae
222 2332 269 2393 hic
298 2350 404 2408 ponere
425 2333 508 2407 nolo,
537 2350 571 2392 eo
595 2332 672 2408 quod
694 2334 775 2392 multi
797 2332 833 2392 de
854 2333 902 2391 illo
916 2329 936 2412 ⁷)
958 2322 1159 2408 prophetando

120 2419 233 2496 decepti
264 2421 329 2479 sint.
371 2417 574 2480 NOVIOIUS:
603 2419 680 2479 Satis
707 2437 754 2480 me
782 2426 883 2493 terret,
915 2418 993 2494 quod
1013 2419 1161 2479 Dominus

118 2514 244 2566 mentem
265 2513 325 2565 tam
347 2514 489 2581 sanctam,
518 2512 578 2565 tarn
599 2506 737 2565 mundam
759 2513 789 2566 et
808 2506 990 2582 virginalem,
1018 2512 1079 2565 tam
1099 2508 1160 2565 im·

118 2593 232 2653 mundis
255 2600 283 2652 et
314 2600 373 2652 tam
395 2594 524 2652 nefandis
555 2595 760 2652 tentationibus
781 2596 880 2652 vexari
900 2595 1034 2668 permisit.
1076 2591 1159 2653 MO-

118 2680 292 2741 NACHUS:
314 2680 614 2756 Incomprelrensibilia
634 2687 701 2738 sunt
721 2680 825 2739 iudicia
848 2682 920 2754 eius,
949 2687 978 2739 et
997 2682 1159 2756 investiga·

119 2768 190 2827 biles
212 2770 277 2827 viae
299 2765 402 2848 elusi),
424 2770 498 2827 sicut
519 2768 618 2826 audies
640 2767 676 2826 de
698 2770 854 2826 tentatione
868 2767 983 2839 alterius
1006 2766 1159 2827 cuiusdam

119 2855 355 2928 sanctimonialis,
388 2857 469 2914 cuius
489 2857 608 2914 tentatio
637 2860 719 2913 tanto
746 2860 790 2914 est
817 2853 1014 2930 periculosior,
1047 2860 1158 2929 quanto

118 2943 257 3001 incertum
279 2947 323 3002 est
345 2941 422 3017 quali
442 2944 480 3000 sit
500 2940 556 3000 fine
578 2941 765 3002 terminanda.

137 3230 168 3300 1]
186 3229 206 3283 G
224 3230 383 3298 quomodo
407 3230 569 3296 ternodo,
596 3232 657 3283 BDP
684 3230 851 3300 quomodo.
875 3229 1157 3297 vn1,42:qu0moco

187 3301 267 3352 habes
299 3300 384 3365 modo,
415 3302 505 3352 soror?
535 3331 566 3341 -
598 3303 630 3370 2)
657 3302 677 3354 G
703 3302 751 3353 add
781 3302 887 3353 habui.
915 3331 947 3339 -
979 3300 1012 3367 3)
1038 3299 1058 3352 0
1089 3315 1157 3352 sua.

190 3399 220 3408 -
252 3371 284 3436 4)
311 3370 369 3435 Vll,
402 3371 446 3422 16:
484 3373 582 3436 „anima
614 3371 704 3423 educta
729 3388 743 3422 u
770 3387 875 3439 corpore
910 3370 1010 3438 quando
1036 3385 1087 3421 non
1116 3378 1158 3421 est

188 3439 353 3502 revertendo,
374 3441 483 3508 reliquas
508 3443 602 3491 animas
628 3443 681 3493 sive
706 3444 807 3508 spiritns
830 3441 958 3510 angelicos
983 3438 1052 3490 videt
1080 3440 1157 3491 sicuti

188 3519 254 3561 sunt.
290 3509 395 3573 Quando
419 3526 479 3561 vero
503 3526 635 3562 reversura
654 3520 692 3562 est
716 3510 748 3562 ad
766 3528 872 3577 corpus,
896 3526 947 3562 nou
965 3511 988 3560 ei
1007 3507 1080 3561 datur
1098 3511 1158 3560 aui·

187 3596 241 3631 mas
260 3580 313 3630 sive
332 3579 436 3647 angelos
455 3580 626 3646 contemplari,
644 3583 691 3632 nisi
710 3581 756 3631 sub
775 3581 856 3648 aliqua
868 3579 1028 3631 similitudine
1039 3587 1065 3629 ct
1079 3577 1156 3629 linia-

188 3651 287 3712 mentis,
306 3658 408 3715 propter
426 3651 565 3701 viventes.“
587 3681 617 3690 -
638 3650 871 3718 5]AcPetpr1)
890 3647 1114 3711 llorirnundis,
1133 3648 1155 3700 B

187 3719 219 3770 in
242 3717 462 3771 llorimundis.
483 3748 514 3758 -
540 3719 571 3788 6]
589 3719 651 3772 BDP
675 3719 842 3788 quoddam.
862 3749 893 3758 -
918 3720 950 3788 7)
969 3718 988 3773 G
1005 3733 1050 3770 eo.
1070 3748 1101 3757 —
1120 3717 1156 3786 8)

187 3788 258 3840 Rom.
277 3789 319 3854 11,
337 3789 379 3842 33.
