2438 4170
425 198 482 300 nu
503 239 797 325 snunromnru.
1066 240 1128 302 eno

89 377 203 425 currere
216 360 343 438 vidisset,
364 363 413 421 vix
434 363 534 422 horam
549 362 672 438 Capituli
686 367 850 439 exspectare
864 361 965 437 potuit
995 361 1129 421 Proster-

88 466 161 509 nens
188 465 220 509 se
247 455 315 508 aute
342 447 432 524 pedes
459 449 586 524 Decani,
608 450 694 509 officii
722 453 765 510 sui
794 451 894 525 petivit
921 448 1130 508 absolutionem

90 534 221 597 clavibus
247 538 406 612 resignatis.
447 536 570 595 Dicente
590 536 711 596 Decano
740 544 769 596 et
789 537 935 596 fratribus:
964 535 1047 594 Bone
1075 535 1130 594 do-

88 624 168 683 mine
187 621 389 697 Werinbolde‚
418 622 487 698 quid
508 623 642 683 habetis‘l.
673 641 722 683 cur
742 626 799 682 ista
826 621 938 682 ibcitis‘l
969 621 1129 697 respondit:
1166 629 1172 639 '

91 709 167 787 Quia
186 725 245 768 uon
257 727 376 785 possum
393 709 489 779 videre
508 710 643 768 damnum
661 710 799 770 ecclesiae
811 707 837 789 ¹).
870 709 970 785 Quale,
991 711 1129 784 lnquiunt,

92 794 249 857 murnum?
292 796 331 854 Et
351 795 414 855 ille:
441 796 536 855 Hodie
557 796 652 872 plures
675 804 766 857 cattos
787 796 847 856 ridi
866 799 896 854 in
917 799 1058 873 grauarm,
1080 797 1130 871 qui

72 889 182 943 totam
209 880 353 941 annonam
371 880 538 963 .vestram²)
568 883 755 942 devorabunt.
803 883 984 959 Rogantibus
1014 883 1069 942 illis
1101 889 1131 942 et

95 969 266 1029 dicentibus:
298 969 379 1028 Catti,
402 987 546 1029 annonam
571 987 629 1028 non
651 970 819 1044 comedunt,
840 970 891 1028 sed
913 969 1065 1043 mundant,
1096 975 1130 1026 ut

95 1056 188 1117 claves
215 1058 366 1130 reciperet,
399 1059 448 1115 vix
475 1058 665 1115 obtinuerunt.
715 1056 917 1132 Experimento
944 1059 1020 1114 enim
1054 1054 1129 1114 didi·

96 1148 204 1216 cerant,
237 1143 315 1219 quod
350 1143 524 1202 benedixerit
535 1141 555 1224 ³)
585 1146 625 1202 eis
646 1144 788 1202 Dominus
816 1149 932 1218 propter
962 1143 1129 1218 simpbcita-

95 1232 164 1289 tem'
183 1229 266 1288 illius.
310 1230 383 1288 Vice
408 1229 533 1305 quadam
556 1248 621 1290 cum
649 1230 779 1289 diversae
803 1237 935 1288 monetae
953 1247 989 1288 ex
1012 1230 1144 1288 diversist

95 1317 225 1377 censibus
245 1319 395 1390 pecuniam
417 1318 551 1391 haberet,
579 1317 695 1393 quidam
724 1335 759 1376 ex
786 1319 875 1377 servis
900 1313 990 1396 eius‘)
1019 1322 1130 1391 partem

95 1403 196 1463 furtive
216 1402 281 1461 tulit
302 1410 331 1462 et
351 1404 430 1480 sugit.
474 1403 538 1479 Quo
561 1407 689 1480 cognito,
719 1421 784 1464 cum
813 1406 937 1480 graviter
957 1403 1130 1462 lamentare·

96 1497 154 1566 tur,
182 1489 393 1550 consolantibus
420 1508 451 1549 se
478 1491 637 1565 respoudit:
669 1491 732 1567 Ego
764 1508 822 1550 non
854 1491 945 1549 defleo
979 1490 1129 1564 damnum,

96 1577 145 1637 sed
165 1577 331 1653 periculum.
373 1576 489 1635 Denarii
520 1577 607 1636 dativi
634 1584 795 1651 norsum,
823 1581 908 1636 miser
929 1579 1071 1651 capietur,
1100 1583 1130 1634 et

95 1666 120 1723 si
138 1681 190 1740 pro
214 1667 253 1723 eis
274 1664 357 1722 luerit
378 1663 537 1739 damnatus,
559 1681 612 1741 ego
634 1667 815 1729 reusmortis
838 1681 885 1724 ero
900 1660 920 1743 ι)
942 1664 1026 1721 illius.
1057 1662 1130 1722 NO-

96 1750 241 1812 VICIUS:
263 1751 348 1810 Tales
369 1753 422 1808 viri
443 1753 617 1826 temporibus
637 1754 698 1810 istis
719 1770 777 1810 non
800 1751 969 1827 eligerentur
989 1753 1019 1807 in
1042 1749 1130 1814 celle-v

96 1840 191 1898 rarlos.
233 1837 463 1898 MONACHUS:
487 1837 568 1896 Sicut
589 1845 700 1898 mutata
721 1844 788 1898 sunt
806 1844 942 1918 tempora,
962 1840 1003 1895 ita
1025 1843 1053 1895 et
1073 1836 1130 1895 ho-

95 1927 192 1984 mines.
234 1925 310 1983 Nam
337 1942 428 1999 usque
449 1924 535 1983 hodie
556 1925 717 1999 frequenter
738 1927 888 2001 contingit,
915 1931 948 1982 ut
968 1924 1022 1982 sub
1044 1941 1131 1998 prae·

96 2011 158 2072 latis
172 2017 202 2070 et
222 2011 391 2070 officialibus
405 2012 579 2087 simplicibus
602 2012 703 2071 domus
724 2013 874 2088 religiosae
894 2015 922 2069 in
947 2012 1131 2073 exterioribus

95 2098 259 2175 proficiant,
288 2106 317 2158 et
345 2099 398 2156 sub
428 2101 530 2158 astutis
560 2106 646 2173 atque
675 2101 704 2157 in
725 2099 824 2158 schola
844 2098 943 2157 mundi
972 2100 1131 2158 exercitatis

97 2183 270 2265 deficienti).

434 2305 666 2367 CAPITULUM
692 2307 775 2368 VIII.

198 2428 246 2486 De
266 2428 448 2502 sicplicitctc
471 2427 630 2488 Cbrtsb'ont'
654 2431 797 2489 cellerarii
816 2433 849 2490 irc
869 2429 1028 2488 Brutor‘lre.

159 2547 248 2622 Apud
280 2553 483 2608 monasterium
516 2553 606 2610 sancti
635 2551 777 2627 Nyoholai
803 2553 833 2609 iu
863 2549 932 2609 villa
959 2546 1097 2607 Bruwilre
1110 2542 1130 2624 ⁷)

96 2635 253 2694 monachus
274 2636 326 2693 fuit
341 2637 574 2711 simplicissimus,
595 2641 708 2697 nomine
723 2637 907 2696 Christianus.
938 2636 1015 2693 Huic
1028 2633 1131 2691 Abbas

96 2721 234 2781 cellerarii
255 2722 378 2781 officium
399 2725 526 2782 iniunxit.
569 2725 651 2784 Dens
672 2742 748 2799 vcro,
771 2727 820 2799 qui
841 2729 950 2782 amator
972 2727 1015 2780 est
1036 2726 1131 2779 rectae

95 2809 298 2884 simpliditatis,
319 2812 414 2868 omnia
435 2828 523 2885 opera
543 2814 604 2871 eius
626 2812 778 2887 dirigebat,
799 2813 839 2869 ita
859 2815 892 2867 ut
913 2816 1041 2883 tempore
1062 2823 1131 2881 pro·

96 2897 213 2954 visionis
242 2897 302 2953 eius
330 2894 394 2970 plus
422 2898 580 2957 abundaret
616 2895 749 2978 domuel)
777 2901 807 2956 in
834 2894 920 2955 rebus
951 2896 1131 2967 necessariis,

96 2998 185 3058 quam
207 2978 323 3060 autca⁹)
345 2983 392 3041 vel
411 2992 486 3058 post.
528 2985 648 3059 Saepius
664 2989 689 3044 ei
711 2987 786 3044 servi
807 2991 836 3043 ct
853 2985 1019 3042 mercenarii
1039 2997 1132 3039 anno-

95 3069 293 3143 namuurum
326 3074 354 3127 et
381 3069 437 3129 alia
458 3089 545 3146 quam
566 3072 649 3147 plura
664 3070 692 3151 ¹⁰)
721 3073 804 3131 iurati
825 3077 905 3146 sunt,
937 3071 1074 3128 uxoribus
1103 3073 1132 3126 et

95 3154 193 3215 liberis
220 3157 278 3214 suls
306 3172 341 3214 ea
362 3156 527 3218 descrentes.
569 3159 608 3217 Et
630 3178 695 3219 cum
716 3162 812 3232 sciret,
842 3165 870 3217 et
892 3156 1063 3232 quandoque
1085 3158 1132 3213 vi-

98 3243 190 3316 deret,
220 3259 256 3300 ex
277 3242 366 3301 multa
388 3244 480 3304 cordis
500 3246 605 3320 pietate
633 3247 730 3306 ridere
752 3264 783 3306 se
806 3244 1006 3318 dissimularit,
1035 3243 1132 3300 diceus

96 3331 171 3388 intra
191 3346 237 3388 se:
265 3329 317 3387 Isti
337 3347 477 3405 pauperes
506 3339 572 3391 sunt
594 3340 623 3392 et
642 3334 784 3411 indigent,
813 3333 945 3391 fratribus
972 3330 1133 3389 necessaria

116 3465 146 3531 1)
165 3463 185 3515 Β
204 3464 366 3515 ecelesiae
388 3482 483 3517 meae.
501 3497 532 3505 —
552 3466 585 3533 2)
603 3467 622 3518 B
641 3476 795 3518 nostram.
813 3497 845 3504 -
865 3466 897 3534 3)
914 3464 935 3516 I)
953 3462 1131 3515 benedixe-

167 3543 231 3593 rat,
248 3535 289 3585 ΑΡ
307 3535 487 3587 benedixit.
507 3566 538 3575 -
557 3538 589 3603 4)
607 3537 627 3589 O
645 3553 681 3587 ex
700 3539 764 3599 eis,
781 3546 807 3586 et
825 3535 899 3603 paulo
917 3543 975 3600 post
992 3534 1131 3600 aufugit.

168 3632 201 3641 -
220 3604 251 3671 5)
276 3605 316 3656 BC
340 3621 395 3656 ero
422 3608 541 3659 mortis.
567 3635 599 3643 —
626 3608 658 3673 6)
681 3606 745 3657 ADP
763 3623 821 3657 non
840 3606 1028 3672 proliciunt.
1049 3633 1079 3641 -
1100 3603 1131 3667 7)

167 3672 331 3725 brauweiler.
358 3675 415 3726 llox
439 3675 479 3727 ΒΟ
505 3675 681 3727 monachus
709 3674 844 3743 quidam.
864 3705 895 3714 -
923 3674 955 3741 8)
982 3672 1002 3724 0
1027 3671 1132 3723 domus

168 3744 253 3803 cius3
271 3759 329 3794 mox
346 3744 430 3796 ABDP
448 3747 480 3796 in
500 3744 649 3795 omuibus
673 3746 887 3796 necessariis.
907 3773 937 3782 -
957 3744 989 3810 9)
1008 3743 1027 3794 Β
1046 3750 1131 3793 ante.

172 3841 202 3851 -·
224 3812 272 3879 10)
291 3813 331 3866 Bc
349 3814 412 3866 elia
431 3829 590 3884 quaeque.
609 3813 680 3866 Conl.
699 3812 762 3878 vill,
780 3815 822 3866 48.
841 3814 883 3878 ix,
901 3814 942 3864 16.
