<?xml version="1.0" encoding="UTF-8"?>
<!DOCTYPE html PUBLIC "-//W3C//DTD XHTML 1.0 Transitional//EN"
    "http://www.w3.org/TR/xhtml1/DTD/xhtml1-transitional.dtd">
<html xmlns="http://www.w3.org/1999/xhtml" xml:lang="en" lang="en">
 <head>
  <title>
</title>
<meta http-equiv="Content-Type" content="text/html;charset=utf-8" />
  <meta name='ocr-system' content='tesseract 3.04.00' />
  <meta name='ocr-capabilities' content='ocr_page ocr_carea ocr_par ocr_line ocrx_word'/>
</head>
<body>
  <div class='ocr_page' id='page_1' title='image "./caesariiheister00stragoog_0100.png"; bbox 0 0 2438 4170; ppageno 0'>
   <div class='ocr_carea' id='block_1_1' title="bbox 422 213 1115 277">
    <p class='ocr_par' dir='ltr' id='par_1_1' title="bbox 422 213 1115 277">
     <span class='ocr_line' id='line_1_1' title="bbox 422 213 1115 277; baseline 0 -2"><span class='ocrx_word' id='word_1_1' title='bbox 422 215 477 275; x_wconf 82' lang='lat' dir='ltr'><strong>DE</strong></span> <span class='ocrx_word' id='word_1_2' title='bbox 500 213 776 277; x_wconf 79' lang='lat' dir='ltr'>CONTRITIONE.</span> <span class='ocrx_word' id='word_1_3' title='bbox 1076 217 1115 275; x_wconf 82' lang='lat'><strong>85</strong></span> 
     </span>
    </p>
   </div>
   <div class='ocr_carea' id='block_1_2' title="bbox 71 334 1133 3626">
    <p class='ocr_par' dir='ltr' id='par_1_2' title="bbox 71 334 1128 2151">
     <span class='ocr_line' id='line_1_2' title="bbox 86 334 1118 414; baseline 0.001 -18"><span class='ocrx_word' id='word_1_4' title='bbox 86 334 205 397; x_wconf 88' lang='lat' dir='ltr'><strong>militem</strong></span> <span class='ocrx_word' id='word_1_5' title='bbox 225 337 370 414; x_wconf 81' lang='lat' dir='ltr'><strong>quendam</strong></span> <span class='ocrx_word' id='word_1_6' title='bbox 389 338 525 397; x_wconf 88' lang='lat' dir='ltr'><strong>infirmari</strong></span> <span class='ocrx_word' id='word_1_7' title='bbox 545 356 637 414; x_wconf 88' lang='lat' dir='ltr'><strong>usquc</strong></span> <span class='ocrx_word' id='word_1_8' title='bbox 658 338 696 398; x_wconf 90' lang='lat' dir='ltr'><strong>ad</strong></span> <span class='ocrx_word' id='word_1_9' title='bbox 716 343 847 397; x_wconf 89' lang='lat' dir='ltr'><strong>mortem.</strong></span> <span class='ocrx_word' id='word_1_10' title='bbox 888 336 1030 395; x_wconf 92' lang='lat' dir='ltr'><strong>Instinctu</strong></span> <span class='ocrx_word' id='word_1_11' title='bbox 1054 335 1118 397; x_wconf 88' lang='lat' dir='ltr'><strong>dia·</strong></span> 
     </span>
     <span class='ocr_line' id='line_1_3' title="bbox 89 420 1119 501; baseline 0 -20"><span class='ocrx_word' id='word_1_12' title='bbox 89 420 148 482; x_wconf 89' lang='lat' dir='ltr'><strong>boli</strong></span> <span class='ocrx_word' id='word_1_13' title='bbox 166 424 242 484; x_wconf 91' lang='lat' dir='ltr'><strong>idem</strong></span> <span class='ocrx_word' id='word_1_14' title='bbox 262 425 399 500; x_wconf 88' lang='lat' dir='ltr'><strong>miles,&#39;si</strong></span> <span class='ocrx_word' id='word_1_15' title='bbox 418 427 493 486; x_wconf 87' lang='lat' dir='ltr'><strong>benc</strong></span> <span class='ocrx_word' id='word_1_16' title='bbox 515 428 643 501; x_wconf 89' lang='lat' dir='ltr'><strong>memini,</strong></span> <span class='ocrx_word' id='word_1_17' title='bbox 664 425 791 485; x_wconf 90' lang='lat' dir='ltr'><strong>habebat</strong></span> <span class='ocrx_word' id='word_1_18' title='bbox 811 423 946 484; x_wconf 88' lang='lat' dir='ltr'><strong>avunculi</strong></span> <span class='ocrx_word' id='word_1_19' title='bbox 966 425 1011 482; x_wconf 87' lang='lat' dir='ltr'><strong>aui</strong></span> <span class='ocrx_word' id='word_1_20' title='bbox 1031 421 1119 481; x_wconf 87' lang='lat' dir='ltr'><strong>filiam</strong></span> 
     </span>
     <span class='ocr_line' id='line_1_4' title="bbox 97 512 1119 589; baseline -0.003 -20"><span class='ocrx_word' id='word_1_21' title='bbox 97 513 286 571; x_wconf 86' lang='lat' dir='ltr'><strong>concubinam.</strong></span> <span class='ocrx_word' id='word_1_22' title='bbox 330 512 383 572; x_wconf 82' lang='lat' dir='ltr'><strong>Cui</strong></span> <span class='ocrx_word' id='word_1_23' title='bbox 404 519 483 572; x_wconf 90' lang='lat' dir='ltr'><strong>tanto</strong></span> <span class='ocrx_word' id='word_1_24' title='bbox 506 512 716 589; x_wconf 85' lang='lat' dir='ltr'><strong>conglutinatus</strong></span> <span class='ocrx_word' id='word_1_25' title='bbox 744 512 837 571; x_wconf 84' lang='lat' dir='ltr'><strong>luerat</strong></span> <span class='ocrx_word' id='word_1_26' title='bbox 865 526 976 584; x_wconf 90' lang='lat' dir='ltr'><strong>amore,</strong></span> <span class='ocrx_word' id='word_1_27' title='bbox 1008 515 1119 568; x_wconf 91' lang='lat' dir='ltr'><strong>utnon</strong></span> 
     </span>
     <span class='ocr_line' id='line_1_5' title="bbox 99 594 1120 674; baseline -0.003 -17"><span class='ocrx_word' id='word_1_28' title='bbox 99 595 288 674; x_wconf 69' lang='lat' dir='ltr'><strong>admonitione,</strong></span> <span class='ocrx_word' id='word_1_29' title='bbox 309 617 368 659; x_wconf 93' lang='lat' dir='ltr'><strong>non</strong></span> <span class='ocrx_word' id='word_1_30' title='bbox 390 602 695 674; x_wconf 80' lang='lat' dir='ltr'><strong>excommunicatione,</strong></span> <span class='ocrx_word' id='word_1_31' title='bbox 716 616 810 674; x_wconf 90' lang='lat' dir='ltr'><strong>neque</strong></span> <span class='ocrx_word' id='word_1_32' title='bbox 831 599 927 673; x_wconf 87' lang='lat' dir='ltr'><strong>aliqua</strong></span> <span class='ocrx_word' id='word_1_33' title='bbox 947 594 1120 656; x_wconf 90' lang='lat' dir='ltr'><strong>verecundia</strong></span> 
     </span>
     <span class='ocr_line' id='line_1_6' title="bbox 102 680 1120 763; baseline -0.001 -21"><span class='ocrx_word' id='word_1_34' title='bbox 102 680 216 745; x_wconf 87' lang='lat' dir='ltr'><strong>bumana</strong></span> <span class='ocrx_word' id='word_1_35' title='bbox 226 692 325 763; x_wconf 90' lang='lat' dir='ltr'><strong>posset</strong></span> <span class='ocrx_word' id='word_1_36' title='bbox 344 686 391 746; x_wconf 90' lang='lat' dir='ltr'><strong>vel</strong></span> <span class='ocrx_word' id='word_1_37' title='bbox 412 687 499 746; x_wconf 90' lang='lat' dir='ltr'><strong>vellet</strong></span> <span class='ocrx_word' id='word_1_38' title='bbox 519 688 557 747; x_wconf 90' lang='lat' dir='ltr'><strong>ab</strong></span> <span class='ocrx_word' id='word_1_39' title='bbox 580 704 615 746; x_wconf 92' lang='lat' dir='ltr'><strong>ea</strong></span> <span class='ocrx_word' id='word_1_40' title='bbox 636 689 771 762; x_wconf 87' lang='lat' dir='ltr'><strong>separari.</strong></span> <span class='ocrx_word' id='word_1_41' title='bbox 803 685 916 744; x_wconf 86' lang='lat' dir='ltr'><strong>Timore</strong></span> <span class='ocrx_word' id='word_1_42' title='bbox 933 690 1030 743; x_wconf 91' lang='lat' dir='ltr'><strong>autem</strong></span> <span class='ocrx_word' id='word_1_43' title='bbox 1040 700 1120 741; x_wconf 88' lang='lat' dir='ltr'><strong>mor·</strong></span> 
     </span>
     <span class='ocr_line' id='line_1_7' title="bbox 107 770 1121 849; baseline -0.001 -20"><span class='ocrx_word' id='word_1_44' title='bbox 107 771 138 829; x_wconf 85' lang='lat' dir='ltr'><strong>tis</strong></span> <span class='ocrx_word' id='word_1_45' title='bbox 154 775 262 834; x_wconf 90' lang='lat' dir='ltr'><strong>vocavit</strong></span> <span class='ocrx_word' id='word_1_46' title='bbox 283 773 469 848; x_wconf 82' lang='lat' dir='ltr'><strong>sacerdotem,</strong></span> <span class='ocrx_word' id='word_1_47' title='bbox 491 776 559 833; x_wconf 77' lang='lat' dir='ltr'><strong>sads</strong></span> <span class='ocrx_word' id='word_1_48' title='bbox 579 790 681 849; x_wconf 90' lang='lat' dir='ltr'><strong>puram</strong></span> <span class='ocrx_word' id='word_1_49' title='bbox 703 778 731 831; x_wconf 91' lang='lat' dir='ltr'><strong>et</strong></span> <span class='ocrx_word' id='word_1_50' title='bbox 753 790 818 832; x_wconf 92' lang='lat' dir='ltr'><strong>cum</strong></span> <span class='ocrx_word' id='word_1_51' title='bbox 831 772 954 831; x_wconf 81' lang='lat' dir='ltr'><strong>lacrimis</strong></span> <span class='ocrx_word' id='word_1_52' title='bbox 976 770 1012 829; x_wconf 89' lang='lat' dir='ltr'><strong>de</strong></span> <span class='ocrx_word' id='word_1_53' title='bbox 1027 771 1121 829; x_wconf 88' lang='lat' dir='ltr'><strong>omni·</strong></span> 
     </span>
     <span class='ocr_line' id='line_1_8' title="bbox 110 856 1121 936; baseline -0.002 -19"><span class='ocrx_word' id='word_1_54' title='bbox 110 856 155 917; x_wconf 88' lang='lat' dir='ltr'><strong>bns</strong></span> <span class='ocrx_word' id='word_1_55' title='bbox 172 862 226 919; x_wconf 87' lang='lat' dir='ltr'><strong>suis</strong></span> <span class='ocrx_word' id='word_1_56' title='bbox 246 863 371 936; x_wconf 88' lang='lat' dir='ltr'><strong>pcccatis</strong></span> <span class='ocrx_word' id='word_1_57' title='bbox 391 861 432 919; x_wconf 92' lang='lat' dir='ltr'><strong>illi</strong></span> <span class='ocrx_word' id='word_1_58' title='bbox 451 861 558 921; x_wconf 79' lang='lat' dir='ltr'><strong>taciens</strong></span> <span class='ocrx_word' id='word_1_59' title='bbox 580 860 794 920; x_wconf 85' lang='lat' dir='ltr'><strong>confessionem.</strong></span> <span class='ocrx_word' id='word_1_60' title='bbox 831 859 924 935; x_wconf 80' lang='lat' dir='ltr'><strong>Quem</strong></span> <span class='ocrx_word' id='word_1_61' title='bbox 945 875 1011 917; x_wconf 92' lang='lat' dir='ltr'><strong>cum</strong></span> <span class='ocrx_word' id='word_1_62' title='bbox 1023 874 1121 916; x_wconf 87' lang='lat' dir='ltr'><strong>sacer-</strong></span> 
     </span>
     <span class='ocr_line' id='line_1_9' title="bbox 101 934 1121 1022; baseline -0.003 -17"><span class='ocrx_word' id='word_1_63' title='bbox 101 934 155 1005; x_wconf 83' lang='lat' dir='ltr'><strong>&#39;los</strong></span> <span class='ocrx_word' id='word_1_64' title='bbox 171 955 301 1022; x_wconf 89' lang='lat' dir='ltr'><strong>moneret,</strong></span> <span class='ocrx_word' id='word_1_65' title='bbox 321 955 354 1007; x_wconf 89' lang='lat' dir='ltr'><strong>ut</strong></span> <span class='ocrx_word' id='word_1_66' title='bbox 374 955 434 1007; x_wconf 93' lang='lat' dir='ltr'><strong>tam</strong></span> <span class='ocrx_word' id='word_1_67' title='bbox 455 947 583 1008; x_wconf 79' lang='lat' dir='ltr'><strong>illicitam</strong></span> <span class='ocrx_word' id='word_1_68' title='bbox 596 948 739 1006; x_wconf 88' lang='lat' dir='ltr'><strong>abiuraret</strong></span> <span class='ocrx_word' id='word_1_69' title='bbox 753 948 992 1019; x_wconf 82' lang='lat' dir='ltr'><strong>commixtionem,</strong></span> <span class='ocrx_word' id='word_1_70' title='bbox 1012 947 1121 1020; x_wconf 93' lang='lat' dir='ltr'><strong>ipsam-</strong></span> 
     </span>
     <span class='ocr_line' id='line_1_10' title="bbox 71 1033 1122 1113; baseline -0.002 -21"><span class='ocrx_word' id='word_1_71' title='bbox 71 1070 78 1113; x_wconf 62' lang='lat'>3</span> <span class='ocrx_word' id='word_1_72' title='bbox 117 1046 160 1106; x_wconf 74' lang='lat' dir='ltr'><strong>oue</strong></span> <span class='ocrx_word' id='word_1_73' title='bbox 174 1051 319 1110; x_wconf 86' lang='lat' dir='ltr'><strong>personam</strong></span> <span class='ocrx_word' id='word_1_74' title='bbox 340 1041 493 1112; x_wconf 84' lang='lat' dir='ltr'><strong>cognatam</strong></span> <span class='ocrx_word' id='word_1_75' title='bbox 514 1052 612 1109; x_wconf 80' lang='lat' dir='ltr'><strong>suam3</strong></span> <span class='ocrx_word' id='word_1_76' title='bbox 633 1033 792 1109; x_wconf 84' lang='lat' dir='ltr'><strong>respondit:</strong></span> <span class='ocrx_word' id='word_1_77' title='bbox 812 1033 952 1107; x_wconf 91' lang='lat' dir='ltr'><strong>Domine,</strong></span> <span class='ocrx_word' id='word_1_78' title='bbox 973 1048 1031 1091; x_wconf 91' lang='lat' dir='ltr'><strong>non</strong></span> <span class='ocrx_word' id='word_1_79' title='bbox 1051 1047 1122 1106; x_wconf 89' lang='lat' dir='ltr'><strong>pos·</strong></span> 
     </span>
     <span class='ocr_line' id='line_1_11' title="bbox 71 1116 1122 1194; baseline 0 -17"><span class='ocrx_word' id='word_1_80' title='bbox 71 1158 75 1193; x_wconf 87' lang='lat'><strong>,</strong></span> <span class='ocrx_word' id='word_1_81' title='bbox 120 1134 174 1177; x_wconf 78' lang='lat' dir='ltr'><strong>sam</strong></span> <span class='ocrx_word' id='word_1_82' title='bbox 209 1121 245 1180; x_wconf 87' lang='lat' dir='ltr'><strong>Et</strong></span> <span class='ocrx_word' id='word_1_83' title='bbox 266 1121 327 1181; x_wconf 85' lang='lat' dir='ltr'><strong>ifle:</strong></span> <span class='ocrx_word' id='word_1_84' title='bbox 354 1122 385 1182; x_wconf 80' lang='lat' dir='ltr'><strong>Si</strong></span> <span class='ocrx_word' id='word_1_85' title='bbox 412 1124 442 1180; x_wconf 91' lang='lat' dir='ltr'><strong>in</strong></span> <span class='ocrx_word' id='word_1_86' title='bbox 471 1121 522 1180; x_wconf 90' lang='lat' dir='ltr'><strong>tali</strong></span> <span class='ocrx_word' id='word_1_87' title='bbox 550 1121 696 1179; x_wconf 88' lang='lat' dir='ltr'><strong>voluntate</strong></span> <span class='ocrx_word' id='word_1_88' title='bbox 725 1126 853 1179; x_wconf 88' lang='lat' dir='ltr'><strong>mortuus</strong></span> <span class='ocrx_word' id='word_1_89' title='bbox 881 1120 984 1193; x_wconf 85' lang='lat' dir='ltr'><strong>fueris,</strong></span> <span class='ocrx_word' id='word_1_90' title='bbox 1016 1116 1122 1194; x_wconf 84' lang='lat' dir='ltr'><strong>gaudio</strong></span> 
     </span>
     <span class='ocr_line' id='line_1_12' title="bbox 123 1205 1122 1284; baseline 0 -21"><span class='ocrx_word' id='word_1_91' title='bbox 123 1205 225 1266; x_wconf 83' lang='lat' dir='ltr'><strong>oodcsds</strong></span> <span class='ocrx_word' id='word_1_92' title='bbox 244 1211 320 1268; x_wconf 90' lang='lat' dir='ltr'><strong>vitae</strong></span> <span class='ocrx_word' id='word_1_93' title='bbox 340 1209 511 1284; x_wconf 89' lang='lat' dir='ltr'><strong>privaberis,</strong></span> <span class='ocrx_word' id='word_1_94' title='bbox 544 1214 573 1267; x_wconf 89' lang='lat' dir='ltr'><strong>et</strong></span> <span class='ocrx_word' id='word_1_95' title='bbox 599 1214 714 1266; x_wconf 89' lang='lat' dir='ltr'><strong>aeterna</strong></span> <span class='ocrx_word' id='word_1_96' title='bbox 741 1211 882 1267; x_wconf 87' lang='lat' dir='ltr'><strong>tormenta</strong></span> <span class='ocrx_word' id='word_1_97' title='bbox 909 1213 938 1265; x_wconf 92' lang='lat' dir='ltr'><strong>te</strong></span> <span class='ocrx_word' id='word_1_98' title='bbox 959 1207 1122 1281; x_wconf 79' lang='lat' dir='ltr'><strong>suscipient</strong></span> 
     </span>
     <span class='ocr_line' id='line_1_13' title="bbox 123 1289 1124 1375; baseline 0 -25"><span class='ocrx_word' id='word_1_99' title='bbox 123 1289 191 1352; x_wconf 83' lang='lat' dir='ltr'><strong>lfiite</strong></span> <span class='ocrx_word' id='word_1_100' title='bbox 208 1297 235 1352; x_wconf 91' lang='lat' dir='ltr'><strong>in</strong></span> <span class='ocrx_word' id='word_1_101' title='bbox 255 1312 308 1354; x_wconf 87' lang='lat' dir='ltr'><strong>sua</strong></span> <span class='ocrx_word' id='word_1_102' title='bbox 329 1291 502 1375; x_wconf 83' lang='lat' dir='ltr'><strong>obstinatia&#39;)</strong></span> <span class='ocrx_word' id='word_1_103' title='bbox 524 1300 738 1370; x_wconf 88' lang='lat' dir='ltr'><strong>perseverante,</strong></span> <span class='ocrx_word' id='word_1_104' title='bbox 759 1295 876 1352; x_wconf 86' lang='lat' dir='ltr'><strong>recessit</strong></span> <span class='ocrx_word' id='word_1_105' title='bbox 897 1292 1030 1351; x_wconf 90' lang='lat' dir='ltr'><strong>sacerdos</strong></span> <span class='ocrx_word' id='word_1_106' title='bbox 1058 1309 1124 1350; x_wconf 92' lang='lat' dir='ltr'><strong>cum</strong></span> 
     </span>
     <span class='ocr_line' id='line_1_14' title="bbox 126 1377 1125 1458; baseline 0 -22"><span class='ocrx_word' id='word_1_107' title='bbox 126 1393 215 1454; x_wconf 82' lang='lat' dir='ltr'><strong>corpore</strong></span> <span class='ocrx_word' id='word_1_108' title='bbox 233 1381 364 1456; x_wconf 92' lang='lat' dir='ltr'><strong>Domini,</strong></span> <span class='ocrx_word' id='word_1_109' title='bbox 394 1381 471 1458; x_wconf 90' lang='lat' dir='ltr'><strong>quod</strong></span> <span class='ocrx_word' id='word_1_110' title='bbox 499 1399 596 1441; x_wconf 91' lang='lat' dir='ltr'><strong>secum</strong></span> <span class='ocrx_word' id='word_1_111' title='bbox 625 1380 765 1440; x_wconf 87' lang='lat' dir='ltr'><strong>detulerat</strong></span> <span class='ocrx_word' id='word_1_112' title='bbox 793 1379 830 1439; x_wconf 88' lang='lat' dir='ltr'><strong>ad</strong></span> <span class='ocrx_word' id='word_1_113' title='bbox 858 1377 1125 1439; x_wconf 89' lang='lat' dir='ltr'><strong>communicandum</strong></span> 
     </span>
     <span class='ocr_line' id='line_1_15' title="bbox 125 1464 1124 1527; baseline 0.002 -6"><span class='ocrx_word' id='word_1_114' title='bbox 125 1464 245 1526; x_wconf 82' lang='lat' dir='ltr'><strong>infirmum.</strong></span> <span class='ocrx_word' id='word_1_115' title='bbox 286 1469 365 1527; x_wconf 90' lang='lat' dir='ltr'><strong>Nutu</strong></span> <span class='ocrx_word' id='word_1_116' title='bbox 387 1469 482 1527; x_wconf 91' lang='lat' dir='ltr'><strong>divino</strong></span> <span class='ocrx_word' id='word_1_117' title='bbox 506 1473 584 1526; x_wconf 88' lang='lat' dir='ltr'><strong>extra</strong></span> <span class='ocrx_word' id='word_1_118' title='bbox 607 1467 722 1525; x_wconf 89' lang='lat' dir='ltr'><strong>domum</strong></span> <span class='ocrx_word' id='word_1_119' title='bbox 744 1466 885 1526; x_wconf 90' lang='lat' dir='ltr'><strong>sacerdoti</strong></span> <span class='ocrx_word' id='word_1_120' title='bbox 907 1469 1028 1525; x_wconf 88' lang='lat' dir='ltr'><strong>occurrit</strong></span> <span class='ocrx_word' id='word_1_121' title='bbox 1056 1482 1124 1523; x_wconf 88' lang='lat' dir='ltr'><strong>san-</strong></span> 
     </span>
     <span class='ocr_line' id='line_1_16' title="bbox 127 1553 1125 1629; baseline 0.002 -21"><span class='ocrx_word' id='word_1_122' title='bbox 127 1556 172 1609; x_wconf 86' lang='lat' dir='ltr'><strong>ctus</strong></span> <span class='ocrx_word' id='word_1_123' title='bbox 187 1553 453 1614; x_wconf 86' lang='lat' dir='ltr'><strong>BernardusAbbas</strong></span> <span class='ocrx_word' id='word_1_124' title='bbox 477 1554 668 1613; x_wconf 81' lang='lat' dir='ltr'><strong>Claraevallis.</strong></span> <span class='ocrx_word' id='word_1_125' title='bbox 713 1553 805 1629; x_wconf 82' lang='lat' dir='ltr'><strong>Quem</strong></span> <span class='ocrx_word' id='word_1_126' title='bbox 827 1571 893 1613; x_wconf 91' lang='lat' dir='ltr'><strong>cum</strong></span> <span class='ocrx_word' id='word_1_127' title='bbox 913 1556 1125 1628; x_wconf 85' lang='lat' dir='ltr'><strong>interrogasset,</strong></span> 
     </span>
     <span class='ocr_line' id='line_1_17' title="bbox 127 1641 1126 1714; baseline -0.001 -16"><span class='ocrx_word' id='word_1_128' title='bbox 127 1650 192 1711; x_wconf 81' lang='lat' dir='ltr'><strong>quare</strong></span> <span class='ocrx_word' id='word_1_129' title='bbox 208 1641 346 1700; x_wconf 85' lang='lat' dir='ltr'><strong>infirmum</strong></span> <span class='ocrx_word' id='word_1_130' title='bbox 373 1659 431 1700; x_wconf 93' lang='lat' dir='ltr'><strong>non</strong></span> <span class='ocrx_word' id='word_1_131' title='bbox 460 1643 719 1714; x_wconf 83' lang='lat' dir='ltr'><strong>communicasset,</strong></span> <span class='ocrx_word' id='word_1_132' title='bbox 741 1657 927 1714; x_wconf 87' lang='lat' dir='ltr'><strong>causamque,</strong></span> <span class='ocrx_word' id='word_1_133' title='bbox 956 1657 1030 1714; x_wconf 91' lang='lat' dir='ltr'><strong>quae</strong></span> <span class='ocrx_word' id='word_1_134' title='bbox 1057 1646 1126 1697; x_wconf 92' lang='lat' dir='ltr'><strong>nota</strong></span> 
     </span>
     <span class='ocr_line' id='line_1_18' title="bbox 128 1725 1127 1803; baseline 0.003 -22"><span class='ocrx_word' id='word_1_135' title='bbox 128 1729 173 1781; x_wconf 86' lang='lat' dir='ltr'><strong>erat</strong></span> <span class='ocrx_word' id='word_1_136' title='bbox 189 1730 319 1803; x_wconf 88' lang='lat' dir='ltr'><strong>omnibus,</strong></span> <span class='ocrx_word' id='word_1_137' title='bbox 339 1728 530 1803; x_wconf 82' lang='lat' dir='ltr'><strong>intellexisset,</strong></span> <span class='ocrx_word' id='word_1_138' title='bbox 550 1730 591 1786; x_wconf 91' lang='lat' dir='ltr'><strong>ait</strong></span> <span class='ocrx_word' id='word_1_139' title='bbox 612 1727 768 1786; x_wconf 88' lang='lat' dir='ltr'><strong>sacerdoti:</strong></span> <span class='ocrx_word' id='word_1_140' title='bbox 790 1727 944 1785; x_wconf 80' lang='lat' dir='ltr'><strong>Revertens</strong></span> <span class='ocrx_word' id='word_1_141' title='bbox 965 1743 1078 1784; x_wconf 91' lang='lat' dir='ltr'><strong>mecum</strong></span> <span class='ocrx_word' id='word_1_142' title='bbox 1089 1725 1127 1784; x_wconf 91' lang='lat' dir='ltr'><strong>ad</strong></span> 
     </span>
     <span class='ocr_line' id='line_1_19' title="bbox 127 1808 1127 1889; baseline -0.002 -19"><span class='ocrx_word' id='word_1_143' title='bbox 127 1808 250 1873; x_wconf 73' lang='lat' dir='ltr'><strong>infirmum</strong></span> <span class='ocrx_word' id='word_1_144' title='bbox 288 1816 408 1875; x_wconf 87' lang='lat' dir='ltr'><strong>Reversi</strong></span> <span class='ocrx_word' id='word_1_145' title='bbox 429 1821 540 1889; x_wconf 90' lang='lat' dir='ltr'><strong>autem,</strong></span> <span class='ocrx_word' id='word_1_146' title='bbox 570 1831 634 1874; x_wconf 92' lang='lat' dir='ltr'><strong>curn</strong></span> <span class='ocrx_word' id='word_1_147' title='bbox 656 1819 771 1872; x_wconf 89' lang='lat' dir='ltr'><strong>sanctus</strong></span> <span class='ocrx_word' id='word_1_148' title='bbox 793 1816 836 1872; x_wconf 92' lang='lat' dir='ltr'><strong>vir</strong></span> <span class='ocrx_word' id='word_1_149' title='bbox 857 1813 938 1870; x_wconf 91' lang='lat' dir='ltr'><strong>militi</strong></span> <span class='ocrx_word' id='word_1_150' title='bbox 958 1816 1017 1872; x_wconf 91' lang='lat' dir='ltr'><strong>iam</strong></span> <span class='ocrx_word' id='word_1_151' title='bbox 1038 1813 1127 1870; x_wconf 92' lang='lat' dir='ltr'><strong>mori-</strong></span> 
     </span>
     <span class='ocr_line' id='line_1_20' title="bbox 127 1898 1128 1983; baseline 0.001 -28"><span class='ocrx_word' id='word_1_152' title='bbox 127 1898 190 1973; x_wconf 67' lang='lat' dir='ltr'><strong>bro,</strong></span> <span class='ocrx_word' id='word_1_153' title='bbox 207 1919 275 1976; x_wconf 90' lang='lat' dir='ltr'><strong>quae</strong></span> <span class='ocrx_word' id='word_1_154' title='bbox 297 1902 396 1961; x_wconf 72' lang='lat' dir='ltr'><strong>saluus</strong></span> <span class='ocrx_word' id='word_1_155' title='bbox 418 1909 497 1961; x_wconf 90' lang='lat' dir='ltr'><strong>erant</strong></span> <span class='ocrx_word' id='word_1_156' title='bbox 519 1900 716 1983; x_wconf 28' lang='lat' dir='ltr'><strong>suaderet,¹et</strong></span> <span class='ocrx_word' id='word_1_157' title='bbox 736 1899 782 1960; x_wconf 92' lang='lat' dir='ltr'><strong>ille</strong></span> <span class='ocrx_word' id='word_1_158' title='bbox 804 1906 918 1976; x_wconf 89' lang='lat' dir='ltr'><strong>praeter</strong></span> <span class='ocrx_word' id='word_1_159' title='bbox 936 1899 1015 1958; x_wconf 91' lang='lat' dir='ltr'><strong>illam</strong></span> <span class='ocrx_word' id='word_1_160' title='bbox 1036 1899 1128 1959; x_wconf 90' lang='lat' dir='ltr'><strong>solam</strong></span> 
     </span>
     <span class='ocr_line' id='line_1_21' title="bbox 127 1984 1128 2062; baseline 0.004 -20"><span class='ocrx_word' id='word_1_161' title='bbox 127 1994 172 2040; x_wconf 77' lang='lat' dir='ltr'><strong>rtur</strong></span> <span class='ocrx_word' id='word_1_162' title='bbox 187 1987 237 2046; x_wconf 88' lang='lat' dir='ltr'><strong>iam</strong></span> <span class='ocrx_word' id='word_1_163' title='bbox 257 1987 361 2048; x_wconf 88' lang='lat' dir='ltr'><strong>dictam</strong></span> <span class='ocrx_word' id='word_1_164' title='bbox 381 1991 412 2047; x_wconf 92' lang='lat' dir='ltr'><strong>in</strong></span> <span class='ocrx_word' id='word_1_165' title='bbox 433 1989 563 2047; x_wconf 91' lang='lat' dir='ltr'><strong>omnibus</strong></span> <span class='ocrx_word' id='word_1_166' title='bbox 585 1987 777 2046; x_wconf 87' lang='lat' dir='ltr'><strong>obedientiam</strong></span> <span class='ocrx_word' id='word_1_167' title='bbox 794 1986 953 2062; x_wconf 90' lang='lat' dir='ltr'><strong>sponderet,</strong></span> <span class='ocrx_word' id='word_1_168' title='bbox 974 1984 1128 2046; x_wconf 88' lang='lat' dir='ltr'><strong>novissime</strong></span> 
     </span>
     <span class='ocr_line' id='line_1_22' title="bbox 127 2066 1128 2151; baseline 0.008 -29"><span class='ocrx_word' id='word_1_169' title='bbox 127 2066 257 2133; x_wconf 84' lang='lat' dir='ltr'><strong>subiunxit:</strong></span> <span class='ocrx_word' id='word_1_170' title='bbox 277 2075 423 2151; x_wconf 87' lang='lat' dir='ltr'><strong>Numquid</strong></span> <span class='ocrx_word' id='word_1_171' title='bbox 433 2092 490 2134; x_wconf 93' lang='lat' dir='ltr'><strong>non</strong></span> <span class='ocrx_word' id='word_1_172' title='bbox 513 2074 600 2149; x_wconf 90' lang='lat' dir='ltr'><strong>doles,</strong></span> <span class='ocrx_word' id='word_1_173' title='bbox 623 2073 700 2150; x_wconf 93' lang='lat' dir='ltr'><strong>quod</strong></span> <span class='ocrx_word' id='word_1_174' title='bbox 720 2091 779 2132; x_wconf 89' lang='lat' dir='ltr'><strong>non</strong></span> <span class='ocrx_word' id='word_1_175' title='bbox 799 2080 882 2149; x_wconf 88' lang='lat' dir='ltr'><strong>potes</strong></span> <span class='ocrx_word' id='word_1_176' title='bbox 902 2074 1008 2133; x_wconf 90' lang='lat' dir='ltr'><strong>habere</strong></span> <span class='ocrx_word' id='word_1_177' title='bbox 1022 2072 1128 2133; x_wconf 90' lang='lat' dir='ltr'><strong>volun-</strong></span> 
     </span>
    </p>

    <p class='ocr_par' dir='ltr' id='par_1_3' title="bbox 71 2154 1133 3626">
     <span class='ocr_line' id='line_1_23' title="bbox 71 2154 1128 2251; baseline 0.003 -35"><span class='ocrx_word' id='word_1_178' title='bbox 71 2232 74 2251; x_wconf 45' lang='grc' dir='ltr'>Ι</span> <span class='ocrx_word' id='word_1_179' title='bbox 126 2154 195 2216; x_wconf 66' lang='lat' dir='ltr'><strong>itan</strong></span> <span class='ocrx_word' id='word_1_180' title='bbox 212 2162 358 2221; x_wconf 90' lang='lat' dir='ltr'><strong>recedendi</strong></span> <span class='ocrx_word' id='word_1_181' title='bbox 379 2163 416 2223; x_wconf 87' lang='lat' dir='ltr'><strong>ab</strong></span> <span class='ocrx_word' id='word_1_182' title='bbox 437 2161 510 2221; x_wconf 80' lang='lat' dir='ltr'><strong>illa‘l</strong></span> <span class='ocrx_word' id='word_1_183' title='bbox 552 2161 724 2237; x_wconf 88' lang='lat' dir='ltr'><strong>Respondit:</strong></span> <span class='ocrx_word' id='word_1_184' title='bbox 756 2160 893 2235; x_wconf 90' lang='lat' dir='ltr'><strong>Domine,</strong></span> <span class='ocrx_word' id='word_1_185' title='bbox 922 2160 1007 2220; x_wconf 90' lang='lat' dir='ltr'><strong>valde</strong></span> <span class='ocrx_word' id='word_1_186' title='bbox 1030 2160 1128 2235; x_wconf 92' lang='lat' dir='ltr'><strong>doleo,</strong></span> 
     </span>
     <span class='ocr_line' id='line_1_24' title="bbox 125 2242 1128 2325; baseline 0.001 -22"><span class='ocrx_word' id='word_1_187' title='bbox 125 2248 160 2297; x_wconf 66' lang='grc' dir='ltr'><strong>ΜΘ</strong></span> <span class='ocrx_word' id='word_1_188' title='bbox 178 2242 208 2305; x_wconf 91' lang='lat' dir='ltr'><strong>de</strong></span> <span class='ocrx_word' id='word_1_189' title='bbox 225 2248 279 2308; x_wconf 91' lang='lat' dir='ltr'><strong>hoc</strong></span> <span class='ocrx_word' id='word_1_190' title='bbox 299 2266 357 2307; x_wconf 93' lang='lat' dir='ltr'><strong>non</strong></span> <span class='ocrx_word' id='word_1_191' title='bbox 378 2267 463 2325; x_wconf 90' lang='lat' dir='ltr'><strong>posse</strong></span> <span class='ocrx_word' id='word_1_192' title='bbox 486 2247 589 2308; x_wconf 89' lang='lat' dir='ltr'><strong>dolere.</strong></span> <span class='ocrx_word' id='word_1_193' title='bbox 631 2247 740 2306; x_wconf 91' lang='lat' dir='ltr'><strong>Audito</strong></span> <span class='ocrx_word' id='word_1_194' title='bbox 762 2247 927 2322; x_wconf 91' lang='lat' dir='ltr'><strong>hocvcrbo,</strong></span> <span class='ocrx_word' id='word_1_195' title='bbox 947 2247 1128 2306; x_wconf 87' lang='lat' dir='ltr'><strong>Abbasmox</strong></span> 
     </span>
     <span class='ocr_line' id='line_1_25' title="bbox 124 2317 1129 2412; baseline -0.001 -20"><span class='ocrx_word' id='word_1_196' title='bbox 124 2317 179 2386; x_wconf 65' lang='lat' dir='ltr'><strong>ffifit</strong></span> <span class='ocrx_word' id='word_1_197' title='bbox 196 2335 347 2410; x_wconf 73' lang='lat' dir='ltr'><strong>sacerdoti,</strong></span> <span class='ocrx_word' id='word_1_198' title='bbox 373 2342 405 2394; x_wconf 94' lang='lat' dir='ltr'><strong>ut</strong></span> <span class='ocrx_word' id='word_1_199' title='bbox 434 2353 536 2412; x_wconf 91' lang='lat' dir='ltr'><strong>corpus</strong></span> <span class='ocrx_word' id='word_1_200' title='bbox 565 2334 682 2393; x_wconf 89' lang='lat' dir='ltr'><strong>Domini</strong></span> <span class='ocrx_word' id='word_1_201' title='bbox 711 2335 790 2394; x_wconf 89' lang='lat' dir='ltr'><strong>daret</strong></span> <span class='ocrx_word' id='word_1_202' title='bbox 817 2334 937 2392; x_wconf 86' lang='lat' dir='ltr'><strong>infirmo.</strong></span> <span class='ocrx_word' id='word_1_203' title='bbox 979 2334 1054 2394; x_wconf 92' lang='lat' dir='ltr'><strong>Mira</strong></span> <span class='ocrx_word' id='word_1_204' title='bbox 1074 2351 1129 2394; x_wconf 89' lang='lat' dir='ltr'><strong>res.</strong></span> 
     </span>
     <span class='ocr_line' id='line_1_26' title="bbox 122 2402 1128 2497; baseline 0 -17"><span class='ocrx_word' id='word_1_205' title='bbox 122 2402 207 2480; x_wconf 70' lang='lat' dir='ltr'><strong>soem</strong></span> <span class='ocrx_word' id='word_1_206' title='bbox 225 2429 256 2480; x_wconf 91' lang='lat' dir='ltr'><strong>ut</strong></span> <span class='ocrx_word' id='word_1_207' title='bbox 276 2422 408 2482; x_wconf 85' lang='lat' dir='ltr'><strong>Salvator</strong></span> <span class='ocrx_word' id='word_1_208' title='bbox 427 2424 558 2497; x_wconf 91' lang='lat' dir='ltr'><strong>intravit,</strong></span> <span class='ocrx_word' id='word_1_209' title='bbox 589 2423 666 2481; x_wconf 86' lang='lat' dir='ltr'><strong>lacta</strong></span> <span class='ocrx_word' id='word_1_210' title='bbox 695 2428 738 2480; x_wconf 90' lang='lat' dir='ltr'><strong>est</strong></span> <span class='ocrx_word' id='word_1_211' title='bbox 765 2420 842 2480; x_wconf 88' lang='lat' dir='ltr'><strong>salus</strong></span> <span class='ocrx_word' id='word_1_212' title='bbox 870 2420 910 2479; x_wconf 94' lang='lat' dir='ltr'><strong>illi</strong></span> <span class='ocrx_word' id='word_1_213' title='bbox 932 2421 1037 2480; x_wconf 91' lang='lat' dir='ltr'><strong>domui.</strong></span> <span class='ocrx_word' id='word_1_214' title='bbox 1079 2420 1128 2480; x_wconf 87' lang='lat' dir='ltr'><strong>Ab</strong></span> 
     </span>
     <span class='ocr_line' id='line_1_27' title="bbox 119 2488 1129 2585; baseline 0.003 -23"><span class='ocrx_word' id='word_1_215' title='bbox 119 2488 158 2554; x_wconf 64' lang='lat' dir='ltr'><strong>illa</strong></span> <span class='ocrx_word' id='word_1_216' title='bbox 176 2509 246 2568; x_wconf 88' lang='lat' dir='ltr'><strong>enirn</strong></span> <span class='ocrx_word' id='word_1_217' title='bbox 265 2509 337 2569; x_wconf 92' lang='lat' dir='ltr'><strong>hora</strong></span> <span class='ocrx_word' id='word_1_218' title='bbox 357 2516 417 2568; x_wconf 90' lang='lat' dir='ltr'><strong>tam</strong></span> <span class='ocrx_word' id='word_1_219' title='bbox 436 2509 562 2585; x_wconf 84' lang='lat' dir='ltr'><strong>perfecte</strong></span> <span class='ocrx_word' id='word_1_220' title='bbox 582 2514 693 2568; x_wconf 87' lang='lat' dir='ltr'><strong>mutata</strong></span> <span class='ocrx_word' id='word_1_221' title='bbox 715 2514 758 2567; x_wconf 92' lang='lat' dir='ltr'><strong>est</strong></span> <span class='ocrx_word' id='word_1_222' title='bbox 778 2508 911 2567; x_wconf 84' lang='lat' dir='ltr'><strong>voluntas</strong></span> <span class='ocrx_word' id='word_1_223' title='bbox 934 2511 993 2567; x_wconf 89' lang='lat' dir='ltr'><strong>eius</strong></span> <span class='ocrx_word' id='word_1_224' title='bbox 1011 2525 1129 2584; x_wconf 88' lang='lat' dir='ltr'><strong>perver-</strong></span> 
     </span>
     <span class='ocr_line' id='line_1_28' title="bbox 118 2591 1129 2678; baseline -0.003 -23"><span class='ocrx_word' id='word_1_225' title='bbox 118 2591 154 2678; x_wconf 49' lang='grc' dir='ltr'><strong>ἒξ,</strong></span> <span class='ocrx_word' id='word_1_226' title='bbox 183 2601 215 2652; x_wconf 87' lang='lat' dir='ltr'><strong>ut</strong></span> <span class='ocrx_word' id='word_1_227' title='bbox 233 2597 352 2673; x_wconf 91' lang='lat' dir='ltr'><strong>amplius</strong></span> <span class='ocrx_word' id='word_1_228' title='bbox 375 2597 465 2656; x_wconf 89' lang='lat' dir='ltr'><strong>odiret</strong></span> <span class='ocrx_word' id='word_1_229' title='bbox 486 2614 573 2672; x_wconf 90' lang='lat' dir='ltr'><strong>quam</strong></span> <span class='ocrx_word' id='word_1_230' title='bbox 593 2595 688 2655; x_wconf 90' lang='lat' dir='ltr'><strong>illicite</strong></span> <span class='ocrx_word' id='word_1_231' title='bbox 710 2601 870 2669; x_wconf 89' lang='lat' dir='ltr'><strong>amaverat,</strong></span> <span class='ocrx_word' id='word_1_232' title='bbox 898 2597 939 2654; x_wconf 92' lang='lat' dir='ltr'><strong>ita</strong></span> <span class='ocrx_word' id='word_1_233' title='bbox 966 2602 999 2654; x_wconf 91' lang='lat' dir='ltr'><strong>ut</strong></span> <span class='ocrx_word' id='word_1_234' title='bbox 1030 2601 1129 2654; x_wconf 91' lang='lat' dir='ltr'><strong>sancto</strong></span> 
     </span>
     <span class='ocr_line' id='line_1_29' title="bbox 116 2678 1130 2761; baseline 0 -21"><span class='ocrx_word' id='word_1_235' title='bbox 116 2678 167 2729; x_wconf 61' lang='lat' dir='ltr'><strong>v11⁰</strong></span> <span class='ocrx_word' id='word_1_236' title='bbox 189 2698 250 2741; x_wconf 89' lang='lat' dir='ltr'><strong>curn</strong></span> <span class='ocrx_word' id='word_1_237' title='bbox 269 2683 365 2743; x_wconf 89' lang='lat' dir='ltr'><strong>multis</strong></span> <span class='ocrx_word' id='word_1_238' title='bbox 385 2683 508 2743; x_wconf 87' lang='lat' dir='ltr'><strong>lacrimis</strong></span> <span class='ocrx_word' id='word_1_239' title='bbox 531 2683 650 2742; x_wconf 87' lang='lat' dir='ltr'><strong>diecret:</strong></span> <span class='ocrx_word' id='word_1_240' title='bbox 674 2681 788 2742; x_wconf 81' lang='lat' dir='ltr'><strong>Gratias</strong></span> <span class='ocrx_word' id='word_1_241' title='bbox 799 2678 821 2761; x_wconf 84' lang='lat'><strong>²)</strong></span> <span class='ocrx_word' id='word_1_242' title='bbox 843 2681 907 2741; x_wconf 93' lang='lat' dir='ltr'><strong>Deo</strong></span> <span class='ocrx_word' id='word_1_243' title='bbox 930 2684 979 2757; x_wconf 91' lang='lat' dir='ltr'><strong>qui</strong></span> <span class='ocrx_word' id='word_1_244' title='bbox 999 2681 1130 2740; x_wconf 91' lang='lat' dir='ltr'><strong>melibe-</strong></span> 
     </span>
     <span class='ocr_line' id='line_1_30' title="bbox 114 2758 1130 2852; baseline -0.002 -24"><span class='ocrx_word' id='word_1_245' title='bbox 114 2758 193 2852; x_wconf 46' lang='lat' dir='ltr'><strong>Qlit,</strong></span> <span class='ocrx_word' id='word_1_246' title='bbox 223 2773 287 2846; x_wconf 87' lang='lat' dir='ltr'><strong>quia</strong></span> <span class='ocrx_word' id='word_1_247' title='bbox 315 2770 401 2831; x_wconf 91' lang='lat' dir='ltr'><strong>modo</strong></span> <span class='ocrx_word' id='word_1_248' title='bbox 434 2771 567 2829; x_wconf 90' lang='lat' dir='ltr'><strong>libentius</strong></span> <span class='ocrx_word' id='word_1_249' title='bbox 595 2769 722 2828; x_wconf 89' lang='lat' dir='ltr'><strong>viderem</strong></span> <span class='ocrx_word' id='word_1_250' title='bbox 747 2769 896 2842; x_wconf 80' lang='lat' dir='ltr'><strong>bufonem,</strong></span> <span class='ocrx_word' id='word_1_251' title='bbox 929 2787 1017 2844; x_wconf 90' lang='lat' dir='ltr'><strong>quam</strong></span> <span class='ocrx_word' id='word_1_252' title='bbox 1043 2768 1130 2826; x_wconf 92' lang='lat' dir='ltr'><strong>illam.</strong></span> 
     </span>
     <span class='ocr_line' id='line_1_31' title="bbox 113 2831 1131 2932; baseline 0 -20"><span class='ocrx_word' id='word_1_253' title='bbox 113 2831 210 2923; x_wconf 68' lang='lat' dir='ltr'><strong>Sitque</strong></span> <span class='ocrx_word' id='word_1_254' title='bbox 228 2859 256 2914; x_wconf 90' lang='lat' dir='ltr'><strong>in</strong></span> <span class='ocrx_word' id='word_1_255' title='bbox 276 2859 353 2917; x_wconf 90' lang='lat' dir='ltr'><strong>bona</strong></span> <span class='ocrx_word' id='word_1_256' title='bbox 375 2848 551 2916; x_wconf 79' lang='lat' dir='ltr'><strong>confessione</strong></span> <span class='ocrx_word' id='word_1_257' title='bbox 574 2863 602 2915; x_wconf 90' lang='lat' dir='ltr'><strong>et</strong></span> <span class='ocrx_word' id='word_1_258' title='bbox 622 2857 748 2932; x_wconf 84' lang='lat' dir='ltr'><strong>perlecta</strong></span> <span class='ocrx_word' id='word_1_259' title='bbox 770 2857 936 2914; x_wconf 90' lang='lat' dir='ltr'><strong>contritione</strong></span> <span class='ocrx_word' id='word_1_260' title='bbox 950 2856 1081 2931; x_wconf 86' lang='lat' dir='ltr'><strong>migravit</strong></span> <span class='ocrx_word' id='word_1_261' title='bbox 1093 2853 1131 2913; x_wconf 89' lang='lat' dir='ltr'><strong>ad</strong></span> 
     </span>
     <span class='ocr_line' id='line_1_32' title="bbox 111 2914 1131 3022; baseline -0.002 -22"><span class='ocrx_word' id='word_1_262' title='bbox 111 2914 265 3002; x_wconf 71' lang='lat' dir='ltr'><strong>Dlillinum</strong></span> <span class='ocrx_word' id='word_1_263' title='bbox 315 2943 517 3004; x_wconf 82' lang='lat' dir='ltr'>NOVICIUS:</span> <span class='ocrx_word' id='word_1_264' title='bbox 549 2943 639 3002; x_wconf 89' lang='lat' dir='ltr'><strong>Miror</strong></span> <span class='ocrx_word' id='word_1_265' title='bbox 650 2939 670 3022; x_wconf 82' lang='lat'><strong>³)</strong></span> <span class='ocrx_word' id='word_1_266' title='bbox 698 2948 793 3000; x_wconf 77' lang='lat' dir='ltr'><strong>uuum</strong></span> <span class='ocrx_word' id='word_1_267' title='bbox 822 2944 1018 3001; x_wconf 88' lang='lat' dir='ltr'><strong>contritionem</strong></span> <span class='ocrx_word' id='word_1_268' title='bbox 1052 2941 1131 3000; x_wconf 92' lang='lat' dir='ltr'><strong>illam</strong></span> 
     </span>
     <span class='ocr_line' id='line_1_33' title="bbox 111 3020 1131 3114; baseline 0.004 -31"><span class='ocrx_word' id='word_1_269' title='bbox 111 3020 237 3088; x_wconf 72' lang='lat' dir='ltr'><strong>metuent</strong></span> <span class='ocrx_word' id='word_1_270' title='bbox 255 3031 400 3107; x_wconf 90' lang='lat' dir='ltr'><strong>praedicto</strong></span> <span class='ocrx_word' id='word_1_271' title='bbox 423 3030 528 3105; x_wconf 90' lang='lat' dir='ltr'><strong>dolore,</strong></span> <span class='ocrx_word' id='word_1_272' title='bbox 550 3033 611 3089; x_wconf 90' lang='lat' dir='ltr'><strong>sive</strong></span> <span class='ocrx_word' id='word_1_273' title='bbox 625 3029 769 3088; x_wconf 90' lang='lat' dir='ltr'><strong>Dominici</strong></span> <span class='ocrx_word' id='word_1_274' title='bbox 790 3031 914 3104; x_wconf 89' lang='lat' dir='ltr'><strong>corporis</strong></span> <span class='ocrx_word' id='word_1_275' title='bbox 935 3030 1131 3114; x_wconf 77' lang='lat' dir='ltr'><strong>participatio·</strong></span> 
     </span>
     <span class='ocr_line' id='line_1_34' title="bbox 110 3107 1132 3192; baseline -0.001 -18"><span class='ocrx_word' id='word_1_276' title='bbox 110 3107 148 3192; x_wconf 60' lang='lat'><strong>{¹0-</strong></span> <span class='ocrx_word' id='word_1_277' title='bbox 196 3113 423 3178; x_wconf 83' lang='lat' dir='ltr'><strong>MONACHUS:</strong></span> <span class='ocrx_word' id='word_1_278' title='bbox 451 3117 578 3176; x_wconf 80' lang='lat' dir='ltr'><strong>Christus</strong></span> <span class='ocrx_word' id='word_1_279' title='bbox 606 3119 635 3174; x_wconf 90' lang='lat' dir='ltr'><strong>in</strong></span> <span class='ocrx_word' id='word_1_280' title='bbox 664 3134 715 3176; x_wconf 93' lang='lat' dir='ltr'><strong>suo</strong></span> <span class='ocrx_word' id='word_1_281' title='bbox 739 3121 916 3176; x_wconf 90' lang='lat' dir='ltr'><strong>sacramento</strong></span> <span class='ocrx_word' id='word_1_282' title='bbox 938 3116 975 3174; x_wconf 88' lang='lat' dir='ltr'><strong>ad</strong></span> <span class='ocrx_word' id='word_1_283' title='bbox 996 3116 1132 3175; x_wconf 93' lang='lat' dir='ltr'><strong>iudicium</strong></span> 
     </span>
     <span class='ocr_line' id='line_1_35' title="bbox 110 3191 1131 3284; baseline -0.005 -19"><span class='ocrx_word' id='word_1_284' title='bbox 110 3191 207 3276; x_wconf 58' lang='lat' dir='ltr'><strong>attat,</strong></span> <span class='ocrx_word' id='word_1_285' title='bbox 224 3207 280 3284; x_wconf 69' lang='lat' dir='ltr'><strong>nisi</strong></span> <span class='ocrx_word' id='word_1_286' title='bbox 295 3207 387 3282; x_wconf 88' lang='lat' dir='ltr'><strong>gratia</strong></span> <span class='ocrx_word' id='word_1_287' title='bbox 408 3207 468 3264; x_wconf 92' lang='lat' dir='ltr'><strong>eius</strong></span> <span class='ocrx_word' id='word_1_288' title='bbox 489 3203 659 3280; x_wconf 89' lang='lat' dir='ltr'><strong>praecedat·</strong></span> <span class='ocrx_word' id='word_1_289' title='bbox 694 3203 769 3262; x_wconf 88' lang='lat' dir='ltr'><strong>Puto</strong></span> <span class='ocrx_word' id='word_1_290' title='bbox 792 3205 867 3262; x_wconf 91' lang='lat' dir='ltr'><strong>enim</strong></span> <span class='ocrx_word' id='word_1_291' title='bbox 887 3209 1003 3279; x_wconf 89' lang='lat' dir='ltr'><strong>propter</strong></span> <span class='ocrx_word' id='word_1_292' title='bbox 1024 3205 1131 3262; x_wconf 89' lang='lat' dir='ltr'><strong>oratio-</strong></span> 
     </span>
     <span class='ocr_line' id='line_1_36' title="bbox 110 3281 1132 3368; baseline -0.003 -19"><span class='ocrx_word' id='word_1_293' title='bbox 110 3281 157 3333; x_wconf 58' lang='grc' dir='ltr'><strong>ΗΘΒ</strong></span> <span class='ocrx_word' id='word_1_294' title='bbox 182 3291 231 3349; x_wconf 83' lang='lat' dir='ltr'><strong>virt</strong></span> <span class='ocrx_word' id='word_1_295' title='bbox 256 3293 360 3366; x_wconf 90' lang='lat' dir='ltr'><strong>sancti,</strong></span> <span class='ocrx_word' id='word_1_296' title='bbox 388 3293 509 3368; x_wconf 82' lang='lat' dir='ltr'><strong>gratiam</strong></span> <span class='ocrx_word' id='word_1_297' title='bbox 532 3291 636 3350; x_wconf 85' lang='lat' dir='ltr'><strong>Christi</strong></span> <span class='ocrx_word' id='word_1_298' title='bbox 663 3291 802 3367; x_wconf 88' lang='lat' dir='ltr'><strong>abyssum</strong></span> <span class='ocrx_word' id='word_1_299' title='bbox 832 3289 923 3349; x_wconf 91' lang='lat' dir='ltr'><strong>cordis</strong></span> <span class='ocrx_word' id='word_1_300' title='bbox 945 3292 1005 3349; x_wconf 88' lang='lat' dir='ltr'><strong>eius</strong></span> <span class='ocrx_word' id='word_1_301' title='bbox 1026 3289 1132 3347; x_wconf 92' lang='lat' dir='ltr'><strong>illumi-</strong></span> 
     </span>
     <span class='ocr_line' id='line_1_37' title="bbox 111 3367 1132 3451; baseline 0.005 -20"><span class='ocrx_word' id='word_1_302' title='bbox 111 3367 204 3450; x_wconf 60' lang='lat' dir='ltr'><strong>ldflse,</strong></span> <span class='ocrx_word' id='word_1_303' title='bbox 222 3377 345 3438; x_wconf 89' lang='lat' dir='ltr'><strong>dolorem</strong></span> <span class='ocrx_word' id='word_1_304' title='bbox 366 3378 490 3437; x_wconf 89' lang='lat' dir='ltr'><strong>sterilem</strong></span> <span class='ocrx_word' id='word_1_305' title='bbox 511 3377 694 3451; x_wconf 83' lang='lat' dir='ltr'><strong>fecundasse,</strong></span> <span class='ocrx_word' id='word_1_306' title='bbox 726 3394 763 3436; x_wconf 90' lang='lat' dir='ltr'><strong>nc</strong></span> <span class='ocrx_word' id='word_1_307' title='bbox 785 3382 813 3435; x_wconf 92' lang='lat' dir='ltr'><strong>et</strong></span> <span class='ocrx_word' id='word_1_308' title='bbox 834 3378 877 3435; x_wconf 90' lang='lat' dir='ltr'><strong>vir</strong></span> <span class='ocrx_word' id='word_1_309' title='bbox 898 3378 1001 3436; x_wconf 90' lang='lat' dir='ltr'><strong>beatus</strong></span> <span class='ocrx_word' id='word_1_310' title='bbox 1021 3376 1132 3436; x_wconf 90' lang='lat' dir='ltr'><strong>iudica·</strong></span> 
     </span>
     <span class='ocr_line' id='line_1_38' title="bbox 112 3452 1133 3542; baseline 0.002 -22"><span class='ocrx_word' id='word_1_311' title='bbox 112 3452 191 3514; x_wconf 60' lang='lat' dir='ltr'><strong>&#39;ltur</strong></span> <span class='ocrx_word' id='word_1_312' title='bbox 208 3462 239 3524; x_wconf 90' lang='lat' dir='ltr'><strong>de</strong></span> <span class='ocrx_word' id='word_1_313' title='bbox 258 3467 483 3542; x_wconf 88' lang='lat' dir='ltr'><strong>praesumtione,</strong></span> <span class='ocrx_word' id='word_1_314' title='bbox 516 3471 544 3523; x_wconf 93' lang='lat' dir='ltr'><strong>et</strong></span> <span class='ocrx_word' id='word_1_315' title='bbox 572 3465 715 3523; x_wconf 88' lang='lat' dir='ltr'><strong>morientis</strong></span> <span class='ocrx_word' id='word_1_316' title='bbox 741 3481 836 3539; x_wconf 91' lang='lat' dir='ltr'><strong>poena</strong></span> <span class='ocrx_word' id='word_1_317' title='bbox 866 3469 1003 3523; x_wconf 89' lang='lat' dir='ltr'><strong>cresceret</strong></span> <span class='ocrx_word' id='word_1_318' title='bbox 1028 3465 1059 3521; x_wconf 91' lang='lat' dir='ltr'><strong>in</strong></span> <span class='ocrx_word' id='word_1_319' title='bbox 1080 3480 1133 3522; x_wconf 89' lang='lat' dir='ltr'><strong>sua</strong></span> 
     </span>
     <span class='ocr_line' id='line_1_39' title="bbox 214 3551 1133 3626; baseline -0.001 -17"><span class='ocrx_word' id='word_1_320' title='bbox 214 3553 294 3612; x_wconf 88' lang='lat' dir='ltr'><strong>tione.</strong></span> <span class='ocrx_word' id='word_1_321' title='bbox 334 3552 411 3612; x_wconf 85' lang='lat' dir='ltr'><strong>Ecce</strong></span> <span class='ocrx_word' id='word_1_322' title='bbox 432 3552 555 3611; x_wconf 91' lang='lat' dir='ltr'><strong>hominis</strong></span> <span class='ocrx_word' id='word_1_323' title='bbox 583 3551 667 3609; x_wconf 89' lang='lat' dir='ltr'><strong>huius</strong></span> <span class='ocrx_word' id='word_1_324' title='bbox 690 3552 834 3625; x_wconf 90' lang='lat' dir='ltr'><strong>contritio,</strong></span> <span class='ocrx_word' id='word_1_325' title='bbox 862 3552 922 3610; x_wconf 92' lang='lat' dir='ltr'><strong>sive</strong></span> <span class='ocrx_word' id='word_1_326' title='bbox 943 3552 1133 3626; x_wconf 88' lang='lat' dir='ltr'><strong>poenitentia,</strong></span> 
     </span>
    </p>
   </div>
   <div class='ocr_carea' id='block_1_3' title="bbox 135 3695 1136 3837">
    <p class='ocr_par' dir='ltr' id='par_1_4' title="bbox 135 3695 1136 3837">
     <span class='ocr_line' id='line_1_40' title="bbox 135 3695 1136 3837; baseline 0.002 -71"><span class='ocrx_word' id='word_1_327' title='bbox 135 3695 167 3766; x_wconf 78' lang='lat'><strong>¹)</strong></span> <span class='ocrx_word' id='word_1_328' title='bbox 184 3708 228 3837; x_wconf 45' lang='lat' dir='ltr'><strong>teg</strong></span> <span class='ocrx_word' id='word_1_329' title='bbox 240 3718 471 3773; x_wconf 80' lang='lat' dir='ltr'><strong>obstinatione.</strong></span> <span class='ocrx_word' id='word_1_330' title='bbox 491 3749 520 3759; x_wconf 89' lang='lat'><em>-</em></span> <span class='ocrx_word' id='word_1_331' title='bbox 550 3717 583 3785; x_wconf 85' lang='lat'><strong>2)</strong></span> <span class='ocrx_word' id='word_1_332' title='bbox 600 3717 620 3770; x_wconf 91' lang='lat' dir='ltr'>B</span> <span class='ocrx_word' id='word_1_333' title='bbox 639 3716 687 3768; x_wconf 90' lang='lat' dir='ltr'><strong>add</strong></span> <span class='ocrx_word' id='word_1_334' title='bbox 706 3733 771 3787; x_wconf 78' lang='lat' dir='ltr'><strong>ago.</strong></span> <span class='ocrx_word' id='word_1_335' title='bbox 793 3747 823 3757; x_wconf 96' lang='lat'><em>-</em></span> <span class='ocrx_word' id='word_1_336' title='bbox 851 3717 882 3786; x_wconf 84' lang='lat'><strong>3]</strong></span> <span class='ocrx_word' id='word_1_337' title='bbox 900 3716 920 3771; x_wconf 80' lang='lat' dir='ltr'><strong>G</strong></span> <span class='ocrx_word' id='word_1_338' title='bbox 937 3721 1049 3783; x_wconf 86' lang='lat' dir='ltr'><strong>miror,</strong></span> <span class='ocrx_word' id='word_1_339' title='bbox 1075 3715 1136 3769; x_wconf 84' lang='lat' dir='ltr'><strong>lra-</strong></span> 
     </span>
    </p>
   </div>
   <div class='ocr_carea' id='block_1_4' title="bbox 0 0 1238 4170">
    <p class='ocr_par' dir='ltr' id='par_1_5' title="bbox 0 0 1238 4170">
     <span class='ocr_line' id='line_1_41' title="bbox 0 0 1238 4170; baseline 0 0"><span class='ocrx_word' id='word_1_340' title='bbox 0 0 1238 4170; x_wconf 95' lang='lat' dir='ltr'><strong> </strong></span> 
     </span>
    </p>
   </div>
  </div>
 </body>
</html>
