2438 4170
399 218 454 279 DE
477 215 752 279 CONTRITIONE.
1051 216 1091 279 89
1187 238 1196 250 ·

109 341 231 401 amanet
246 343 388 418 promisit,
419 341 563 417 quiahoc
586 343 612 400 ei
632 342 782 400 obtineret.
824 339 969 400 Reversus
989 357 1093 401 mona·

109 421 160 485 ebus
174 425 203 485 ad
220 427 370 489 claustmm
389 446 483 504 suum,
503 430 625 505 gratiam
645 430 814 504 promissam
836 433 914 486 stans
935 426 1093 504 advigilias

107 517 248 591 exspectavit,
267 522 297 577 et
316 517 347 574 in
368 515 476 575 eisdem
496 516 628 576 noctibus
648 532 701 591 per
722 516 863 574 orationes
884 519 1001 574 sanctae
1017 513 1093 573 illius

104 597 196 660 uelem
213 620 231 662 a
248 602 373 663 Domino
396 605 510 678 copiose
530 604 657 678 percepit
672 598 698 681 ¹).
739 601 794 660 Illa
813 619 864 677 per
896 603 1026 677 spiritum
1046 603 1093 660 in·

104 683 198 763 &ligem
216 707 247 749 so
267 689 439 764 exauditam,
460 689 552 749 eidem
572 688 786 764 monaehopcr
807 687 950 763 quendam
960 687 1094 749 clericum

68 800 71 807 ·
100 769 230 836 fiuiinem
249 776 405 849 mandavit,
427 782 456 835 et
477 778 545 852 quia
565 778 623 837 iam
643 777 764 852 gratiam
784 778 958 851 percepisset
969 776 1094 851 promis·

99 874 143 921 een
157 863 296 923 intimavit.
340 862 412 922 Cum
433 879 503 923 vero
523 860 626 922 Abbas
648 861 775 921 eiusdem
796 861 898 921 donnus
917 861 1094 922 iamdictam

97 949 188 1022 patiam
205 966 257 1026 pro
279 949 475 1011 aedificatione
497 949 600 1010 clerico
620 951 760 1024 recitaret,
781 949 897 1008 subrisit
909 947 965 1024 ille,
987 949 1093 1025 diceris,

55 1040 60 1091 e
95 1047 118 1093 ee
132 1050 159 1095 eo
177 1036 264 1096 multo
285 1036 386 1113 medus
407 1039 495 1112 scire,
516 1042 617 1112 utpote
639 1039 687 1112 qui
708 1037 746 1095 ab
766 1038 831 1112 ipsa
851 1035 986 1111 audierit,
1018 1051 1094 1111 quae

55 1108 60 1201 .'
95 1118 158 1181 tdenr
179 1126 299 1200 gratiam
330 1126 482 1200 impetrare
509 1125 611 1200 potuit
659 1123 803 1183 Recitavit
827 1124 911 1182 nobis
944 1129 972 1182 et
1003 1122 1094 1184 simile

55 1242 57 1247 ·
93 1202 141 1268 heic
156 1209 227 1271 idem
249 1209 366 1285 libbam,
393 1211 422 1267 in
450 1228 504 1270 sua
532 1217 632 1269 sancta
642 1206 663 1290 ²)
685 1207 859 1269 iocunditate
888 1209 999 1269 dicens:
1030 1210 1094 1270 Vos

94 1308 134 1353 non
149 1299 210 1356 estis
230 1299 330 1372 sancti,
352 1313 406 1374 ego
428 1296 536 1373 aliquid
555 1297 675 1357 reseram
696 1297 780 1356 vobis
802 1295 838 1356 de
858 1299 1010 1358 sanctitate
1019 1313 1094 1374 mea,

92 1379 121 1441 alc
135 1383 277 1463 incipiens:
852 1416 856 1423 ·

425 1503 656 1564 CAPITULUM
676 1503 750 1563 XX.

107 1600 166 1665 item
183 1607 218 1666 da
235 1606 358 1683 famae,
381 1627 458 1684 quoe
479 1610 598 1668 domiuo
625 1609 758 1668 Walters
779 1606 889 1667 Abbati
915 1566 1072 1667 Vitoriecccc‘

208 1696 378 1770 topacio-aod
398 1714 419 1754 a
438 1697 570 1754 Dcmc'ccc
592 1698 723 1772 pretium
747 1696 948 1754 lacctanecum.

59 1836 63 1843 ·
139 1810 203 1873 dum
221 1814 424 1876 intellexissem
444 1815 639 1892 supradictum
658 1816 833 1876 monachum
863 1816 985 1892 gratiam
1015 1813 1094 1875 illam

93 1890 244 1962 bednmnm
263 1905 424 1979 percepisse
446 1922 465 1963 a
492 1893 611 1963 femina¹
627 1899 710 1983 calip
731 1903 877 1979 religiosa,
906 1903 1007 1979 rogavi
1026 1901 1094 1961 Ab·

93 1979 166 2047 wem
183 2006 286 2064 meum,
308 1995 378 2050 tnnc
398 1997 528 2051 recenter
547 1991 638 2050 factus
659 1989 831 2064 monachus,
853 1994 886 2047 ut
898 1988 1004 2048 liceret
1024 1987 1095 2047 mihi

55 2152 57 2157 Ι
95 2067 150 2131 telos
168 2078 281 2137 visitare
311 2077 439 2137 feminas.
480 2077 519 2136 Et
550 2080 690 2138 concessit
720 2078 789 2137 mihi
820 2078 925 2158 statim.
967 2076 1095 2136 Veniens

55 2216 58 2225 .
94 2152 167 2232 mque
190 2161 227 2223 ad
260 2162 376 2224 domum
404 2164 552 2224 cuiusdam
578 2165 716 2224 honestae
747 2169 894 2223 matronae
921 2163 1095 2222 Brabantiae

55 2276 59 2289 ·
95 2234 227 2320 hupenci
247 2253 354 2328 gratia3
386 2269 452 2311 cum
479 2251 662 2330 intellexisset
694 2250 864 2310 desiderium
883 2267 992 2325 meum,
1024 2250 1096 2309 dixit
1125 2274 1128 2279 ·

94 2327 147 2389 tedii
162 2337 187 2395 in
206 2339 285 2397 ioco:
316 2337 390 2414 Quid
412 2340 545 2414 quaeritis
565 2338 663 2398 videre
690 2339 760 2398 istas
780 2330 975 2417 begginas⁴)'t
1017 2334 1095 2397 Vul-

94 2411 127 2488 tib
144 2436 188 2499 ego
209 2424 357 2484 ostendam
378 2426 460 2485 vobis
482 2425 629 2485 mulierem
649 2425 766 2499 bonam,
788 2441 862 2500 quae
877 2421 1094 2499 quiequidvult,

94 2496 179 2568 obtinet
188 2506 207 2590 ⁸)
228 2529 247 2572 a
266 2511 342 2572 Deo.
375 2510 545 2589 'Respondit
573 2511 674 2571 Talem
694 2511 815 2570 multum
835 2510 933 2570 vidue
955 2509 1094 2569 desidero.

94 2578 122 2644 Et
136 2598 219 2657 etaim
239 2598 277 2658 ad
297 2599 418 2659 verbum
440 2601 500 2658 eius
527 2599 628 2658 mulier
660 2598 801 2674 quaedam
830 2597 865 2657 de
887 2597 1018 2656 cubiculo
1037 2613 1094 2655 suo

94 2684 197 2759 mesa,
216 2685 393 2746 veniens¹ad
413 2703 474 2761 me,
503 2687 597 2761 eoepit
616 2701 730 2745 mecum
750 2684 838 2761 loqui.
879 2683 915 2742 In
937 2685 1016 2744 cuius
1039 2681 1094 2742 ad-

94 2766 174 2842 ecum,
203 2788 267 2831 cum
293 2772 364 2832 mihi
390 2775 523 2832 sentirem
544 2775 664 2850 gratiam
685 2772 801 2846 adesse,
829 2773 929 2848 rogari
950 2787 1029 2845 eam,
1060 2775 1095 2829 ut

94 2856 167 2911 onec
182 2872 230 2932 pro
251 2877 307 2918 mc.
351 2860 432 2936 Quae
455 2877 520 2920 eum
541 2859 661 2919 diceret:
684 2858 760 2936 Quid
780 2857 865 2917 rc1ltis
886 2864 919 2916 ut
941 2874 1020 2917 orem
1039 2873 1093 2932 pro

94 2930 174 2997 robii
196 2946 341 3023 respondi:
368 2945 409 3007 Ut
435 2949 544 3022 possim
572 2945 676 3006 deflere
702 2950 823 3022 peccata
850 2962 924 3005 mea.
965 2944 1005 3003 Et
1029 2943 1093 3005 illa:

93 3008 210 3101 Numquid
236 3050 294 3093 non
322 3035 389 3092 estis
417 3031 595 3094 monachus?
640 3033 695 3109 Qui
726 3037 846 3108 peccata
873 3049 926 3092 sua
946 3049 1005 3090 non
1025 3038 1094 3108 pot·

93 3106 126 3160 “t
147 3109 254 3195 deflere,
284 3120 441 3180 monachus
476 3138 534 3179 non
562 3125 614 3179 est.
666 3120 705 3178 Et
736 3136 803 3179 eum
822 3121 967 3193 instarem,
990 3124 1093 3194 quate-

92 3197 132 3248 ΜΒ
148 3203 209 3262 niln
227 3208 348 3284 gratiam
367 3207 442 3267 hane
464 3208 619 3281 obtineret,
640 3205 800 3283 respondit:
832 3206 891 3281 Ite,
913 3205 1093 3265 abundanter

90 3264 215 3350 h&bibitis
262 3293 397 3353 Proxima
427 3301 512 3353 nocte
546 3311 629 3353 orans
666 3299 732 3352 ante
758 3293 864 3352 lectum
893 3310 1004 3367 meum,
1027 3310 1093 3352 cum

90 3351 116 3415 ‘¹⁰
143 3382 260 3444 peccatis
296 3383 367 3439 meis
398 3383 565 3458 cogitarem,
598 3396 653 3439 nec
680 3385 777 3439 tamen
810 3380 934 3439 mulieris
968 3381 1093 3455 promis·

88 3453 137 3507 ⁸¹¹¹ss
155 3460 284 3549 munns‘)
305 3467 490 3542 attenderem,
513 3470 595 3544 coepi
613 3470 655 3526 ita
675 3466 854 3526 abundanter
875 3472 904 3526 et
923 3484 1010 3543 supra
1026 3483 1091 3526 mo-

99 3556 122 3627 1)
137 3566 157 3620 Ρ
175 3577 315 3635 lacrimas
333 3586 496 3651 percepit3
514 3584 589 3652 paulo
607 3592 665 3651 post
681 3582 702 3636 G
719 3599 920 3652 cognoscens
947 3599 989 3635 se.
1009 3612 1039 3622 -
1058 3582 1091 3650 2)

138 3653 242 3704 nancta
259 3668 299 3705 om
317 3653 344 3708 C.
365 3683 395 3693 -
419 3654 450 3722 3)
469 3653 489 3706 0
506 3655 696 3721 percepisse
712 3653 918 3706 lacrimarum
936 3669 952 3704 a
969 3653 1030 3705 tali
1046 3652 1092 3704 tc-

137 3717 273 3858 ’ἶίιὲῒὸᾗ
289 3723 549 3846 ¹ssJinBtff’sbeginua,
574 3722 778 3794 Cbogbines.
798 3753 828 3764 -
848 3724 879 3793 5)
897 3723 917 3775 B
935 3722 1091 3775 obtineat.
