2460 4162
426 244 482 305 nn
503 192 766 306 ununrnroun.
1047 245 1108 303 res
1137 214 1139 221 '

72 366 290 426 Confluentiam
311 369 495 442 eomparavit,
517 367 620 442 quibus
642 368 710 426 satis
737 365 909 424 sufficienter
929 381 1021 440 usque
1043 364 1081 423 ad
1093 361 1110 443 ¹)

71 470 202 514 messem
218 470 359 529 pauperes
374 455 552 514 sustentavit

408 693 640 755 CAPITULUM
660 693 785 754 LXVII.

97 849 178 910 Itan
198 849 234 909 de
255 820 385 911 elaustro
412 849 592 929 Wostfultoe,
613 854 661 910 out
681 851 765 910 Deus
787 832 926 926 expansas
942 851 1088 924 pauperi-

355 936 409 996 bus
431 937 571 998 utilitas
593 938 683 1014 duplo
704 940 839 996 restituit
1206 943 1210 952 “

144 1107 253 1170 Retulit
271 1109 341 1168 mihi
357 1109 444 1170 irater
457 1108 653 1171 Gadesealeus
669 1109 704 1169 de
721 1103 986 1186 Volmuntsteiue2),
1007 1122 1110 1165 mona-

75 1195 153 1257 chus
161 1202 267 1270 noster,
278 1203 344 1273 post
357 1197 458 1257 eadem
474 1215 540 1256 cara
552 1203 681 1273 tempora
692 1195 867 1264 cellerarium
878 1195 1021 1270 quendam
1032 1192 1110 1252 ordi-
1207 1228 1210 1232 ι

75 1284 125 1345 nis
137 1285 226 1343 nostri
239 1282 275 1342 de
289 1283 440 1344 Westsalia
452 1286 605 1344 occurrisse
621 1284 683 1342 sibi.
712 1283 805 1358 Quem
819 1299 885 1341 eum
899 1283 1111 1356 interrogasset,

76 1385 140 1447 quo
158 1369 313 1446 festinaret,
334 1369 481 1446 respondit
496 1370 558 1430 ille:
579 1369 628 1429 Ad
640 1370 847 1429 concambium.
889 1366 966 1427 Ante
987 1383 1111 1426 messem

76 1456 119 1517 ob
140 1459 339 1517 necessitatem
351 1474 511 1533 pauperum
531 1474 636 1534 peoora
657 1451 757 1515 nostra
772 1455 935 1529 occidimus,
958 1453 1061 1513 oaliees
1082 1459 1111 1511 et
1214 1486 1222 1499 ·

76 1541 168 1603 libros
181 1550 294 1603 nostros
315 1546 577 1620 impignoravimus.
605 1543 694 1602 Modo
708 1542 850 1601 Dominus
863 1543 939 1599 misit
950 1540 1034 1598 nobis
1054 1539 1110 1598 ho-

76 1631 202 1705 minem,
234 1632 282 1706 quui
303 1637 415 1689 tantum
442 1631 525 1689 nobis
554 1632 616 1688 auri
637 1629 729 1703 dedit,
761 1635 794 1687 ut
822 1630 881 1687 eius
911 1628 1054 1702 quantitas
1080 1627 1110 1682 in

79 1715 169 1793 duplo
189 1719 312 1794 erogatis
333 1717 512 1793 respondeat
554 1716 638 1777 Unde
652 1716 727 1775 vado
749 1711 821 1773 illud
842 1713 966 1773 oambire
987 1728 1039 1788 pro
1061 1729 1109 1770 ar-

75 1808 180 1881 gento,
207 1809 242 1863 ut
262 1821 298 1863 ex
320 1820 355 1863 eo
376 1806 483 1880 possim
504 1806 624 1880 pignora
644 1795 770 1881 nostra³)
792 1800 938 1874 redimere,
959 1806 988 1858 et
1008 1815 1110 1874 greges

77 1906 220 1967 reparare.
262 1890 330 1950 {iiia
378 1891 451 1950 haee
483 1890 614 1965 exempla
642 1889 718 1948 dicta
745 1891 802 1947 sint
828 1893 927 1946 eontra
953 1885 1031 1960 illos,
1061 1887 1111 1961 qui

77 1978 157 2037 viros
185 1976 350 2038 ehustrales
380 1978 507 2037 iudicant
534 1976 570 2035 de
602 1978 730 2036 avaritia.
789 1971 991 2032 NOVICIUS:
1026 1971 1110 2031 Nune

75 2065 201 2141 primum
221 2062 348 2140 intelligo
370 2065 439 2140 quid
459 2067 504 2138 sit,
524 2064 620 2138 Date,
649 2071 677 2122 et
698 2061 818 2121 debitur
838 2058 928 2119 vobis.
975 2056 1108 2118 MONA-

78 2147 199 2210 OHUS:
219 2150 285 2210 Non
296 2149 437 2228 intelliges
452 2150 576 2226 perfecte
597 2152 651 2208 nisi
670 2151 700 2207 in
720 2148 816 2207 sutura
836 2150 904 2223 vita,
926 2145 1040 2221 quando
1056 2163 1107 2220 pro

76 2243 192 2297 terrena
204 2238 372 2312 substantia,
393 2254 480 2312 quam
501 2253 552 2312 pro
569 2235 680 2295 Christo
694 2235 831 2309 dimisisti,
853 2236 913 2292 sive
934 2233 1108 2308 pauperibus

75 2324 109 2383 in
128 2322 203 2383 illius
224 2326 339 2384 nomine
361 2323 476 2399 dedisti,
503 2326 621 2398 recipies
642 2340 776 2398 regnum,
803 2320 881 2397 quod
905 2325 1036 2395 paratum
1065 2324 1108 2378 est

75 2410 177 2477 doctis
197 2407 458 2490 aeoustitutione‘)
479 2410 586 2468 mundi.
628 2409 663 2466 In
683 2409 732 2469 illa
753 2409 799 2468 die
819 2407 894 2465 filius
915 2406 1036 2466 hominis
1056 2406 1108 2464 tibi

75 2512 149 2557 oum
167 2500 268 2557 ceteris
289 2498 386 2557 electis
407 2503 488 2555 tuum
510 2496 687 2556 enumerabit
707 2496 818 2569 datum,
848 2500 876 2552 et
897 2498 929 2552 tu
951 2495 1011 2551 eius
1033 2493 1107 2550 reoi-

73 2579 172 2664 ρίου)
200 2586 380 2660 promissum.
428 2583 505 2659 Quid
532 2585 608 2641 enim
636 2581 732 2642 diuet?
774 2582 908 2650 huniae,
938 2587 965 2638 et
992 2579 1108 2637 dedistis

74 2670 151 2729 nolti
170 2671 360 2744 mmtdueore,
384 2677 412 2729 et
432 2677 527 2730 cetera
541 2686 615 2745 quae
632 2671 672 2728 iti
693 2675 849 2744 sequuntur
856 2663 887 2746 ⁶).
929 2666 990 2724 Viri
1011 2672 1108 2724 tamen

73 2757 195 2834 perieeti
215 2775 280 2817 eum
292 2757 418 2817 Domino
437 2755 612 2816 iudicabunt.
654 2753 856 2815 NOVIGIUS:
877 2753 908 2811 Si
929 2758 1010 2811 tanta
1030 2752 1108 2810 bona

73 2850 236 2919 muuntur
256 2843 483 2920 eleemosynam,
511 2860 566 2902 vae
587 2843 658 2916 illis,
681 2845 730 2918 qui
751 2843 781 2899 in
801 2840 858 2899 hoe
879 2839 959 2898 brevi
979 2845 1107 2914 tempore

73 2936 222 2991 seetaumr
241 2932 400 2989 avaritiam.
441 2927 676 2988 MONACHUS:
704 2929 772 2987 Duo
796 2927 845 2986 illa
865 2927 955 2985 verba
974 2925 1107 2999 Domini,

72 3015 186 3077 salient
204 3016 293 3090 Date,
316 3024 344 3077 et
362 3015 482 3076 dubitur
502 3014 592 3089 vobo,
613 3022 750 3075 revocant
769 3015 923 3073 memoriae
943 3030 1025 3071 meae
1046 3030 1107 3071 rem

71 3108 200 3181 gestam,
227 3103 273 3162 his
304 3106 354 3180 qui
380 3102 603 3179 hospitalitatem
636 3109 768 3162 exercent
799 3117 850 3177 pro
879 3100 1009 3176 exemplo
1037 3102 1106 3159 satis

70 3190 276 3251 neeessariam

88 3586 125 3656 t)
143 3582 181 3635 sd
198 3599 239 3636 om
256 3583 311 3640 ΑΙ).
328 3560 360 3622 -ἶ
379 3584 411 3651 2)
429 3582 495 3635 coni.
513 3582 598 3636 Gelon.
617 3580 648 3632 de
666 3581 747 3649 Magn.
766 3538 897 3648 colomp.
916 3581 973 3633 162.
993 3610 1023 3620 -
1043 3580 1105 3649 e)1³

145 3654 281 3722 pignora
310 3650 420 3705 no'strr
443 3655 575 3721 possim.
595 3681 626 3692 -
650 3653 682 3720 4)
706 3651 770 3702 ADP
793 3659 869 3702 auto
894 3651 1105 3702 constitutio-

144 3738 227 3787 nem,
247 3725 318 3775 iuxta
337 3721 432 3791 Ephes.
452 3723 476 3787 1,
493 3725 518 3774 d.
540 3721 589 3774 Sed
613 3720 671 3773 vide
689 3722 764 3772 etiam
782 3710 934 3784 Martisue,
960 3720 1002 3772 34.
1023 3749 1052 3760 -
1073 3718 1104 3788 5)

142 3791 185 3847 BC
200 3793 349 3861 reeipies
366 3795 445 3844 eius.
466 3820 496 3831 -
515 3792 547 3860 6)
565 3790 651 3843 llatth.
669 3791 713 3854 25,
730 3790 772 3842 35.
