<?xml version="1.0" encoding="UTF-8"?>
<!DOCTYPE html PUBLIC "-//W3C//DTD XHTML 1.0 Transitional//EN"
    "http://www.w3.org/TR/xhtml1/DTD/xhtml1-transitional.dtd">
<html xmlns="http://www.w3.org/1999/xhtml" xml:lang="en" lang="en">
 <head>
  <title>
</title>
<meta http-equiv="Content-Type" content="text/html;charset=utf-8" />
  <meta name='ocr-system' content='tesseract 3.04.00' />
  <meta name='ocr-capabilities' content='ocr_page ocr_carea ocr_par ocr_line ocrx_word'/>
</head>
<body>
  <div class='ocr_page' id='page_1' title='image "./caesariiheister00stragoog_0274.png"; bbox 0 0 2460 4162; ppageno 0'>
   <div class='ocr_carea' id='block_1_1' title="bbox 423 191 1182 320">
    <p class='ocr_par' dir='ltr' id='par_1_1' title="bbox 423 191 1182 320">
     <span class='ocr_line' id='line_1_1' title="bbox 423 191 1182 320; baseline -0.004 -2"><span class='ocrx_word' id='word_1_1' title='bbox 423 191 478 319; x_wconf 70' lang='lat' dir='ltr'><strong>oa</strong></span> <span class='ocrx_word' id='word_1_2' title='bbox 499 210 761 320; x_wconf 77' lang='lat' dir='ltr'><strong>muraneum.</strong></span> <span class='ocrx_word' id='word_1_3' title='bbox 1051 258 1111 316; x_wconf 78' lang='lat' dir='ltr'><strong>aar</strong></span> <span class='ocrx_word' id='word_1_4' title='bbox 1171 281 1182 293; x_wconf 37' lang='lat' dir='ltr'><strong>s</strong></span> 
     </span>
    </p>
   </div>
   <div class='ocr_carea' id='block_1_2' title="bbox 77 376 1115 1060">
    <p class='ocr_par' dir='ltr' id='par_1_2' title="bbox 77 376 1115 1060">
     <span class='ocr_line' id='line_1_2' title="bbox 78 376 1114 460; baseline -0.006 -20"><span class='ocrx_word' id='word_1_5' title='bbox 78 385 110 440; x_wconf 86' lang='lat' dir='ltr'><strong>et</strong></span> <span class='ocrx_word' id='word_1_6' title='bbox 130 378 294 456; x_wconf 89' lang='lat' dir='ltr'><strong>ubicunque</strong></span> <span class='ocrx_word' id='word_1_7' title='bbox 315 395 352 438; x_wconf 87' lang='lat' dir='ltr'><strong>ex</strong></span> <span class='ocrx_word' id='word_1_8' title='bbox 374 382 505 456; x_wconf 90' lang='lat' dir='ltr'><strong>opposito</strong></span> <span class='ocrx_word' id='word_1_9' title='bbox 518 376 535 460; x_wconf 86' lang='lat'><strong>¹)</strong></span> <span class='ocrx_word' id='word_1_10' title='bbox 558 386 601 440; x_wconf 92' lang='lat' dir='ltr'><strong>est</strong></span> <span class='ocrx_word' id='word_1_11' title='bbox 621 381 717 457; x_wconf 83' lang='lat' dir='ltr'>imago</span> <span class='ocrx_word' id='word_1_12' title='bbox 750 376 890 454; x_wconf 84' lang='lat' dir='ltr'><strong>crucifixi,</strong></span> <span class='ocrx_word' id='word_1_13' title='bbox 923 384 952 437; x_wconf 92' lang='lat' dir='ltr'><strong>et</strong></span> <span class='ocrx_word' id='word_1_14' title='bbox 978 376 1114 452; x_wconf 77' lang='lat' dir='ltr'><strong>reliquiae</strong></span> 
     </span>
     <span class='ocr_line' id='line_1_3' title="bbox 77 464 1115 539; baseline -0.004 -14"><span class='ocrx_word' id='word_1_15' title='bbox 77 471 253 525; x_wconf 83' lang='lat' dir='ltr'><strong>sanctorum.</strong></span> <span class='ocrx_word' id='word_1_16' title='bbox 295 464 345 524; x_wconf 91' lang='lat' dir='ltr'><strong>Ad</strong></span> <span class='ocrx_word' id='word_1_17' title='bbox 368 465 466 527; x_wconf 84' lang='lat' dir='ltr'>Gloria</span> <span class='ocrx_word' id='word_1_18' title='bbox 487 467 568 526; x_wconf 92' lang='lat' dir='ltr'><strong>Patri</strong></span> <span class='ocrx_word' id='word_1_19' title='bbox 590 469 676 526; x_wconf 90' lang='lat' dir='ltr'><strong>etiam</strong></span> <span class='ocrx_word' id='word_1_20' title='bbox 696 466 881 539; x_wconf 82' lang='lat' dir='ltr'><strong>inclinamus,</strong></span> <span class='ocrx_word' id='word_1_21' title='bbox 915 480 969 523; x_wconf 91' lang='lat' dir='ltr'><strong>nee</strong></span> <span class='ocrx_word' id='word_1_22' title='bbox 998 481 1056 522; x_wconf 94' lang='lat' dir='ltr'><strong>non</strong></span> <span class='ocrx_word' id='word_1_23' title='bbox 1085 469 1115 522; x_wconf 92' lang='lat' dir='ltr'><strong>et</strong></span> 
     </span>
     <span class='ocr_line' id='line_1_4' title="bbox 77 545 1113 628; baseline -0.004 -17"><span class='ocrx_word' id='word_1_24' title='bbox 77 552 199 628; x_wconf 83' lang='lat' dir='ltr'><strong>Abbati,</strong></span> <span class='ocrx_word' id='word_1_25' title='bbox 220 552 341 627; x_wconf 85' lang='lat' dir='ltr'><strong>aliisque</strong></span> <span class='ocrx_word' id='word_1_26' title='bbox 359 555 391 613; x_wconf 84' lang='lat' dir='ltr'><strong>in</strong></span> <span class='ocrx_word' id='word_1_27' title='bbox 412 553 507 612; x_wconf 91' lang='lat' dir='ltr'><strong>multis</strong></span> <span class='ocrx_word' id='word_1_28' title='bbox 528 553 606 627; x_wconf 91' lang='lat' dir='ltr'><strong>locis,</strong></span> <span class='ocrx_word' id='word_1_29' title='bbox 627 555 657 611; x_wconf 93' lang='lat' dir='ltr'><strong>in</strong></span> <span class='ocrx_word' id='word_1_30' title='bbox 679 553 781 628; x_wconf 91' lang='lat' dir='ltr'><strong>quibus</strong></span> <span class='ocrx_word' id='word_1_31' title='bbox 793 545 1113 628; x_wconf 78' lang='lat' dir='ltr'><strong>ordohocpraocipit2).</strong></span> 
     </span>
     <span class='ocr_line' id='line_1_5' title="bbox 77 639 1113 716; baseline -0.003 -19"><span class='ocrx_word' id='word_1_32' title='bbox 77 639 133 698; x_wconf 90' lang='lat' dir='ltr'><strong>Vis</strong></span> <span class='ocrx_word' id='word_1_33' title='bbox 153 656 230 698; x_wconf 90' lang='lat' dir='ltr'><strong>nune</strong></span> <span class='ocrx_word' id='word_1_34' title='bbox 251 639 350 699; x_wconf 89' lang='lat' dir='ltr'><strong>audire</strong></span> <span class='ocrx_word' id='word_1_35' title='bbox 371 639 408 699; x_wconf 92' lang='lat' dir='ltr'><strong>de</strong></span> <span class='ocrx_word' id='word_1_36' title='bbox 430 640 562 715; x_wconf 91' lang='lat' dir='ltr'><strong>quodam,</strong></span> <span class='ocrx_word' id='word_1_37' title='bbox 585 658 670 715; x_wconf 92' lang='lat' dir='ltr'><strong>quem</strong></span> <span class='ocrx_word' id='word_1_38' title='bbox 691 639 767 716; x_wconf 90' lang='lat' dir='ltr'><strong>gula,</strong></span> <span class='ocrx_word' id='word_1_39' title='bbox 790 645 818 698; x_wconf 90' lang='lat' dir='ltr'><strong>ct</strong></span> <span class='ocrx_word' id='word_1_40' title='bbox 835 640 959 697; x_wconf 87' lang='lat' dir='ltr'><strong>maxime</strong></span> <span class='ocrx_word' id='word_1_41' title='bbox 969 639 1113 712; x_wconf 91' lang='lat' dir='ltr'><strong>appetitus</strong></span> 
     </span>
     <span class='ocr_line' id='line_1_6' title="bbox 78 722 1114 805; baseline -0.004 -22"><span class='ocrx_word' id='word_1_42' title='bbox 78 722 179 805; x_wconf 81' lang='lat' dir='ltr'><strong>vini³),</strong></span> <span class='ocrx_word' id='word_1_43' title='bbox 200 725 237 785; x_wconf 90' lang='lat' dir='ltr'><strong>de</strong></span> <span class='ocrx_word' id='word_1_44' title='bbox 259 726 357 785; x_wconf 84' lang='lat' dir='ltr'><strong>ordine</strong></span> <span class='ocrx_word' id='word_1_45' title='bbox 377 726 485 785; x_wconf 78' lang='lat' dir='ltr'><strong>traxit?</strong></span> <span class='ocrx_word' id='word_1_46' title='bbox 528 724 730 786; x_wconf 85' lang='lat' dir='ltr'><strong>NOVICIUS:</strong></span> <span class='ocrx_word' id='word_1_47' title='bbox 757 725 842 800; x_wconf 93' lang='lat' dir='ltr'><strong>Volo,</strong></span> <span class='ocrx_word' id='word_1_48' title='bbox 865 726 932 799; x_wconf 94' lang='lat' dir='ltr'><strong>quia</strong></span> <span class='ocrx_word' id='word_1_49' title='bbox 953 723 1033 781; x_wconf 90' lang='lat' dir='ltr'><strong>multi</strong></span> <span class='ocrx_word' id='word_1_50' title='bbox 1055 724 1114 781; x_wconf 89' lang='lat' dir='ltr'><strong>vini</strong></span> 
     </span>
     <span class='ocr_line' id='line_1_7' title="bbox 78 804 1113 889; baseline -0.004 -19"><span class='ocrx_word' id='word_1_51' title='bbox 78 811 219 871; x_wconf 89' lang='lat' dir='ltr'><strong>desiderio</strong></span> <span class='ocrx_word' id='word_1_52' title='bbox 241 812 410 872; x_wconf 83' lang='lat' dir='ltr'><strong>afficiuntur.</strong></span> <span class='ocrx_word' id='word_1_53' title='bbox 452 814 560 872; x_wconf 93' lang='lat' dir='ltr'><strong>Vinum</strong></span> <span class='ocrx_word' id='word_1_54' title='bbox 581 819 744 889; x_wconf 83' lang='lat' dir='ltr'><strong>apostatare</strong></span> <span class='ocrx_word' id='word_1_55' title='bbox 766 804 1113 889; x_wconf 63' lang='lat' dir='ltr'><strong>facitetiamsapiented).</strong></span> 
     </span>
     <span class='ocr_line' id='line_1_8' title="bbox 77 895 1112 974; baseline -0.003 -17"><span class='ocrx_word' id='word_1_56' title='bbox 77 895 314 959; x_wconf 82' lang='lat' dir='ltr'><strong>MONAGHUS:</strong></span> <span class='ocrx_word' id='word_1_57' title='bbox 335 900 440 959; x_wconf 83' lang='lat' dir='ltr'><strong>Dicam</strong></span> <span class='ocrx_word' id='word_1_58' title='bbox 460 901 513 959; x_wconf 90' lang='lat' dir='ltr'><strong>tibi</strong></span> <span class='ocrx_word' id='word_1_59' title='bbox 533 903 673 959; x_wconf 87' lang='lat' dir='ltr'><strong>visionem</strong></span> <span class='ocrx_word' id='word_1_60' title='bbox 694 899 860 973; x_wconf 88' lang='lat' dir='ltr'><strong>terribilem,</strong></span> <span class='ocrx_word' id='word_1_61' title='bbox 882 916 968 974; x_wconf 89' lang='lat' dir='ltr'><strong>quam</strong></span> <span class='ocrx_word' id='word_1_62' title='bbox 990 898 1027 956; x_wconf 91' lang='lat' dir='ltr'><strong>ab</strong></span> <span class='ocrx_word' id='word_1_63' title='bbox 1051 898 1112 956; x_wconf 89' lang='lat' dir='ltr'><strong>eius</strong></span> 
     </span>
     <span class='ocr_line' id='line_1_9' title="bbox 77 986 735 1060; baseline -0.002 -16"><span class='ocrx_word' id='word_1_64' title='bbox 77 1001 129 1044; x_wconf 91' lang='lat' dir='ltr'><strong>ore</strong></span> <span class='ocrx_word' id='word_1_65' title='bbox 151 986 257 1060; x_wconf 85' lang='lat' dir='ltr'><strong>audivi,</strong></span> <span class='ocrx_word' id='word_1_66' title='bbox 279 988 324 1045; x_wconf 92' lang='lat' dir='ltr'><strong>cui</strong></span> <span class='ocrx_word' id='word_1_67' title='bbox 346 986 445 1046; x_wconf 90' lang='lat' dir='ltr'><strong>datum</strong></span> <span class='ocrx_word' id='word_1_68' title='bbox 467 992 512 1046; x_wconf 89' lang='lat' dir='ltr'><strong>est</strong></span> <span class='ocrx_word' id='word_1_69' title='bbox 530 987 609 1045; x_wconf 91' lang='lat' dir='ltr'><strong>illam</strong></span> <span class='ocrx_word' id='word_1_70' title='bbox 629 986 735 1047; x_wconf 84' lang='lat' dir='ltr'><strong>ridere.</strong></span> 
     </span>
    </p>
   </div>
   <div class='ocr_carea' id='block_1_3' title="bbox 310 1175 887 1374">
    <p class='ocr_par' dir='ltr' id='par_1_3' title="bbox 310 1175 887 1374">
     <span class='ocr_line' id='line_1_10' title="bbox 409 1175 770 1259; baseline -0.006 -24"><span class='ocrx_word' id='word_1_71' title='bbox 409 1252 415 1259; x_wconf 33' lang='grc' dir='ltr'>Ι</span> <span class='ocrx_word' id='word_1_72' title='bbox 436 1175 668 1236; x_wconf 84' lang='lat' dir='ltr'><strong>CAPITULUM</strong></span> <span class='ocrx_word' id='word_1_73' title='bbox 688 1175 770 1235; x_wconf 80' lang='lat' dir='ltr'>XCI.</span> 
     </span>
     <span class='ocr_line' id='line_1_11' title="bbox 310 1295 887 1374; baseline -0.002 -17"><span class='ocrx_word' id='word_1_74' title='bbox 310 1300 358 1358; x_wconf 89' lang='lat' dir='ltr'><strong>De</strong></span> <span class='ocrx_word' id='word_1_75' title='bbox 379 1299 509 1357; x_wconf 77' lang='lat' dir='ltr'><strong>Hencico</strong></span> <span class='ocrx_word' id='word_1_76' title='bbox 531 1305 723 1374; x_wconf 73' lang='lat' dir='ltr'><strong>eoqnomento</strong></span> <span class='ocrx_word' id='word_1_77' title='bbox 744 1297 847 1356; x_wconf 80' lang='lat' dir='ltr'><strong>Fibere</strong></span> <span class='ocrx_word' id='word_1_78' title='bbox 855 1295 887 1369; x_wconf 87' lang='lat'><strong>⁵).</strong></span> 
     </span>
    </p>
   </div>
   <div class='ocr_carea' id='block_1_4' title="bbox 21 1435 1123 3071">
    <p class='ocr_par' dir='ltr' id='par_1_4' title="bbox 21 1435 1123 3071">
     <span class='ocr_line' id='line_1_12' title="bbox 145 1435 1113 1512; baseline -0.003 -18"><span class='ocrx_word' id='word_1_79' title='bbox 145 1435 269 1512; x_wconf 84' lang='lat' dir='ltr'><strong>Quidam</strong></span> <span class='ocrx_word' id='word_1_80' title='bbox 290 1452 326 1494; x_wconf 84' lang='lat' dir='ltr'><strong>ex</strong></span> <span class='ocrx_word' id='word_1_81' title='bbox 347 1436 505 1495; x_wconf 88' lang='lat' dir='ltr'><strong>senioribus</strong></span> <span class='ocrx_word' id='word_1_82' title='bbox 526 1436 638 1511; x_wconf 91' lang='lat' dir='ltr'><strong>nostris,</strong></span> <span class='ocrx_word' id='word_1_83' title='bbox 658 1435 841 1496; x_wconf 88' lang='lat' dir='ltr'><strong>Hermannus</strong></span> <span class='ocrx_word' id='word_1_84' title='bbox 861 1436 992 1507; x_wconf 93' lang='lat' dir='ltr'><strong>nomine,</strong></span> <span class='ocrx_word' id='word_1_85' title='bbox 1014 1437 1113 1492; x_wconf 89' lang='lat' dir='ltr'><strong>cantor</strong></span> 
     </span>
     <span class='ocr_line' id='line_1_13' title="bbox 77 1519 1113 1598; baseline -0.005 -15"><span class='ocrx_word' id='word_1_86' title='bbox 77 1522 183 1596; x_wconf 81' lang='lat' dir='ltr'><strong>officio,</strong></span> <span class='ocrx_word' id='word_1_87' title='bbox 203 1525 247 1581; x_wconf 87' lang='lat' dir='ltr'><strong>vir</strong></span> <span class='ocrx_word' id='word_1_88' title='bbox 267 1522 360 1581; x_wconf 91' lang='lat' dir='ltr'><strong>bonus</strong></span> <span class='ocrx_word' id='word_1_89' title='bbox 383 1529 412 1582; x_wconf 90' lang='lat' dir='ltr'><strong>et</strong></span> <span class='ocrx_word' id='word_1_90' title='bbox 433 1523 638 1598; x_wconf 90' lang='lat' dir='ltr'><strong>disciplinatus,</strong></span> <span class='ocrx_word' id='word_1_91' title='bbox 659 1529 725 1582; x_wconf 86' lang='lat' dir='ltr'><strong>ante</strong></span> <span class='ocrx_word' id='word_1_92' title='bbox 741 1539 849 1598; x_wconf 89' lang='lat' dir='ltr'><strong>paucos</strong></span> <span class='ocrx_word' id='word_1_93' title='bbox 862 1538 953 1581; x_wconf 89' lang='lat' dir='ltr'><strong>annos</strong></span> <span class='ocrx_word' id='word_1_94' title='bbox 964 1519 1113 1578; x_wconf 85' lang='lat' dir='ltr'><strong>defunctus</strong></span> 
     </span>
     <span class='ocr_line' id='line_1_14' title="bbox 77 1603 1113 1688; baseline -0.007 -19"><span class='ocrx_word' id='word_1_95' title='bbox 77 1616 132 1669; x_wconf 86' lang='lat' dir='ltr'><strong>eat.</strong></span> <span class='ocrx_word' id='word_1_96' title='bbox 174 1603 263 1688; x_wconf 80' lang='lat' dir='ltr'><strong>Iste⁶)</strong></span> <span class='ocrx_word' id='word_1_97' title='bbox 285 1608 381 1684; x_wconf 89' lang='lat' dir='ltr'><strong>plures</strong></span> <span class='ocrx_word' id='word_1_98' title='bbox 402 1608 504 1668; x_wconf 91' lang='lat' dir='ltr'><strong>habuit</strong></span> <span class='ocrx_word' id='word_1_99' title='bbox 525 1611 657 1683; x_wconf 87' lang='lat' dir='ltr'><strong>visiones,</strong></span> <span class='ocrx_word' id='word_1_100' title='bbox 681 1627 717 1668; x_wconf 85' lang='lat' dir='ltr'><strong>cx</strong></span> <span class='ocrx_word' id='word_1_101' title='bbox 739 1610 842 1683; x_wconf 88' lang='lat' dir='ltr'><strong>quibus</strong></span> <span class='ocrx_word' id='word_1_102' title='bbox 862 1626 950 1666; x_wconf 89' lang='lat' dir='ltr'><strong>unam</strong></span> <span class='ocrx_word' id='word_1_103' title='bbox 970 1607 1113 1681; x_wconf 88' lang='lat' dir='ltr'><strong>praesenti</strong></span> 
     </span>
     <span class='ocr_line' id='line_1_15' title="bbox 76 1693 1112 1771; baseline -0.006 -16"><span class='ocrx_word' id='word_1_104' title='bbox 76 1694 144 1756; x_wconf 87' lang='lat' dir='ltr'><strong>loeo</strong></span> <span class='ocrx_word' id='word_1_105' title='bbox 171 1695 294 1771; x_wconf 88' lang='lat' dir='ltr'><strong>exempli</strong></span> <span class='ocrx_word' id='word_1_106' title='bbox 323 1712 411 1755; x_wconf 89' lang='lat' dir='ltr'><strong>eausa</strong></span> <span class='ocrx_word' id='word_1_107' title='bbox 438 1699 569 1756; x_wconf 88' lang='lat' dir='ltr'><strong>inseram.</strong></span> <span class='ocrx_word' id='word_1_108' title='bbox 614 1695 686 1754; x_wconf 85' lang='lat' dir='ltr'><strong>Cum</strong></span> <span class='ocrx_word' id='word_1_109' title='bbox 714 1712 804 1771; x_wconf 91' lang='lat' dir='ltr'><strong>nuper</strong></span> <span class='ocrx_word' id='word_1_110' title='bbox 835 1693 992 1753; x_wconf 89' lang='lat' dir='ltr'><strong>monachus</strong></span> <span class='ocrx_word' id='word_1_111' title='bbox 1020 1693 1112 1751; x_wconf 86' lang='lat' dir='ltr'><strong>iactus</strong></span> 
     </span>
     <span class='ocr_line' id='line_1_16' title="bbox 75 1780 1113 1857; baseline -0.008 -14"><span class='ocrx_word' id='word_1_112' title='bbox 75 1782 178 1843; x_wconf 75' lang='lat' dir='ltr'><strong>fuscet</strong></span> <span class='ocrx_word' id='word_1_113' title='bbox 197 1783 228 1840; x_wconf 90' lang='lat' dir='ltr'><strong>in</strong></span> <span class='ocrx_word' id='word_1_114' title='bbox 248 1781 476 1857; x_wconf 90' lang='lat' dir='ltr'><strong>Hemmenrode,</strong></span> <span class='ocrx_word' id='word_1_115' title='bbox 505 1783 593 1841; x_wconf 90' lang='lat' dir='ltr'><strong>alium</strong></span> <span class='ocrx_word' id='word_1_116' title='bbox 614 1782 758 1856; x_wconf 91' lang='lat' dir='ltr'><strong>quendam</strong></span> <span class='ocrx_word' id='word_1_117' title='bbox 778 1781 970 1854; x_wconf 89' lang='lat' dir='ltr'><strong>monachum,</strong></span> <span class='ocrx_word' id='word_1_118' title='bbox 1002 1785 1063 1837; x_wconf 89' lang='lat' dir='ltr'><strong>tam</strong></span> <span class='ocrx_word' id='word_1_119' title='bbox 1082 1780 1113 1836; x_wconf 91' lang='lat' dir='ltr'><strong>in</strong></span> 
     </span>
     <span class='ocr_line' id='line_1_17' title="bbox 77 1864 1112 1945; baseline -0.007 -16"><span class='ocrx_word' id='word_1_120' title='bbox 77 1867 168 1929; x_wconf 88' lang='lat' dir='ltr'><strong>choro</strong></span> <span class='ocrx_word' id='word_1_121' title='bbox 197 1885 285 1943; x_wconf 90' lang='lat' dir='ltr'><strong>quam</strong></span> <span class='ocrx_word' id='word_1_122' title='bbox 313 1870 343 1927; x_wconf 95' lang='lat' dir='ltr'><strong>in</strong></span> <span class='ocrx_word' id='word_1_123' title='bbox 369 1870 518 1929; x_wconf 88' lang='lat' dir='ltr'><strong>refectorio</strong></span> <span class='ocrx_word' id='word_1_124' title='bbox 544 1871 705 1945; x_wconf 88' lang='lat' dir='ltr'><strong>proximum</strong></span> <span class='ocrx_word' id='word_1_125' title='bbox 740 1868 875 1927; x_wconf 91' lang='lat' dir='ltr'><strong>habebat.</strong></span> <span class='ocrx_word' id='word_1_126' title='bbox 923 1865 1000 1924; x_wconf 86' lang='lat' dir='ltr'><strong>Ante</strong></span> <span class='ocrx_word' id='word_1_127' title='bbox 1027 1864 1112 1923; x_wconf 93' lang='lat' dir='ltr'><strong>huius</strong></span> 
     </span>
     <span class='ocr_line' id='line_1_18' title="bbox 78 1953 1112 2031; baseline -0.008 -15"><span class='ocrx_word' id='word_1_128' title='bbox 78 1972 132 2016; x_wconf 84' lang='lat' dir='ltr'><strong>ora</strong></span> <span class='ocrx_word' id='word_1_129' title='bbox 166 1955 339 2030; x_wconf 89' lang='lat' dir='ltr'><strong>quandoque</strong></span> <span class='ocrx_word' id='word_1_130' title='bbox 373 1958 402 2014; x_wconf 90' lang='lat' dir='ltr'><strong>in</strong></span> <span class='ocrx_word' id='word_1_131' title='bbox 432 1956 519 2016; x_wconf 87' lang='lat' dir='ltr'><strong>choro</strong></span> <span class='ocrx_word' id='word_1_132' title='bbox 547 1956 619 2015; x_wconf 85' lang='lat' dir='ltr'><strong>inira</strong></span> <span class='ocrx_word' id='word_1_133' title='bbox 647 1955 836 2031; x_wconf 85' lang='lat' dir='ltr'><strong>psalmodiam</strong></span> <span class='ocrx_word' id='word_1_134' title='bbox 864 1953 1017 2029; x_wconf 91' lang='lat' dir='ltr'><strong>amphoras</strong></span> <span class='ocrx_word' id='word_1_135' title='bbox 1046 1968 1112 2010; x_wconf 91' lang='lat' dir='ltr'><strong>cum</strong></span> 
     </span>
     <span class='ocr_line' id='line_1_19' title="bbox 77 2038 1112 2119; baseline -0.006 -18"><span class='ocrx_word' id='word_1_136' title='bbox 77 2042 147 2101; x_wconf 83' lang='lat' dir='ltr'><strong>vino</strong></span> <span class='ocrx_word' id='word_1_137' title='bbox 168 2041 248 2101; x_wconf 86' lang='lat' dir='ltr'><strong>vidit.</strong></span> <span class='ocrx_word' id='word_1_138' title='bbox 291 2042 469 2118; x_wconf 90' lang='lat' dir='ltr'><strong>Amphoras,</strong></span> <span class='ocrx_word' id='word_1_139' title='bbox 490 2049 524 2101; x_wconf 95' lang='lat' dir='ltr'><strong>ut</strong></span> <span class='ocrx_word' id='word_1_140' title='bbox 545 2043 617 2116; x_wconf 86' lang='lat' dir='ltr'><strong>dixi,</strong></span> <span class='ocrx_word' id='word_1_141' title='bbox 640 2041 729 2102; x_wconf 92' lang='lat' dir='ltr'><strong>oculis</strong></span> <span class='ocrx_word' id='word_1_142' title='bbox 751 2041 934 2119; x_wconf 84' lang='lat' dir='ltr'><strong>vigilantibus</strong></span> <span class='ocrx_word' id='word_1_143' title='bbox 954 2038 1034 2112; x_wconf 89' lang='lat' dir='ltr'><strong>vidit,</strong></span> <span class='ocrx_word' id='word_1_144' title='bbox 1053 2040 1112 2096; x_wconf 88' lang='lat' dir='ltr'><strong>vini</strong></span> 
     </span>
     <span class='ocr_line' id='line_1_20' title="bbox 79 2124 1112 2204; baseline -0.006 -15"><span class='ocrx_word' id='word_1_145' title='bbox 79 2127 201 2189; x_wconf 90' lang='lat' dir='ltr'><strong>odorem</strong></span> <span class='ocrx_word' id='word_1_146' title='bbox 229 2131 332 2204; x_wconf 90' lang='lat' dir='ltr'><strong>sensit,</strong></span> <span class='ocrx_word' id='word_1_147' title='bbox 361 2128 412 2188; x_wconf 93' lang='lat' dir='ltr'><strong>sed</strong></span> <span class='ocrx_word' id='word_1_148' title='bbox 440 2148 543 2189; x_wconf 89' lang='lat' dir='ltr'><strong>manus</strong></span> <span class='ocrx_word' id='word_1_149' title='bbox 569 2135 698 2188; x_wconf 86' lang='lat' dir='ltr'><strong>tenentes</strong></span> <span class='ocrx_word' id='word_1_150' title='bbox 724 2129 821 2188; x_wconf 86' lang='lat' dir='ltr'><strong>videre</strong></span> <span class='ocrx_word' id='word_1_151' title='bbox 849 2145 907 2187; x_wconf 92' lang='lat' dir='ltr'><strong>non</strong></span> <span class='ocrx_word' id='word_1_152' title='bbox 933 2127 1035 2202; x_wconf 84' lang='lat' dir='ltr'><strong>potuit</strong></span> <span class='ocrx_word' id='word_1_153' title='bbox 1076 2124 1112 2183; x_wconf 94' lang='lat' dir='ltr'><strong>In</strong></span> 
     </span>
     <span class='ocr_line' id='line_1_21' title="bbox 79 2213 1113 2292; baseline -0.003 -18"><span class='ocrx_word' id='word_1_154' title='bbox 79 2215 187 2291; x_wconf 82' lang='lat' dir='ltr'><strong>quibus</strong></span> <span class='ocrx_word' id='word_1_155' title='bbox 206 2215 253 2274; x_wconf 89' lang='lat' dir='ltr'><strong>ille</strong></span> <span class='ocrx_word' id='word_1_156' title='bbox 275 2216 426 2292; x_wconf 84' lang='lat' dir='ltr'><strong>cogitando</strong></span> <span class='ocrx_word' id='word_1_157' title='bbox 450 2215 652 2290; x_wconf 85' lang='lat' dir='ltr'><strong>delectabatur,</strong></span> <span class='ocrx_word' id='word_1_158' title='bbox 673 2216 746 2275; x_wconf 91' lang='lat' dir='ltr'><strong>haec</strong></span> <span class='ocrx_word' id='word_1_159' title='bbox 767 2220 833 2274; x_wconf 90' lang='lat' dir='ltr'><strong>ante</strong></span> <span class='ocrx_word' id='word_1_160' title='bbox 847 2213 1016 2274; x_wconf 90' lang='lat' dir='ltr'><strong>ciusoculos</strong></span> <span class='ocrx_word' id='word_1_161' title='bbox 1028 2229 1113 2287; x_wconf 87' lang='lat' dir='ltr'><strong>opere</strong></span> 
     </span>
     <span class='ocr_line' id='line_1_22' title="bbox 21 2299 1123 2382; baseline -0.006 -19"><span class='ocrx_word' id='word_1_162' title='bbox 21 2330 33 2343; x_wconf 94' lang='lat'><strong>·</strong></span> <span class='ocrx_word' id='word_1_163' title='bbox 79 2301 188 2362; x_wconf 85' lang='lat' dir='ltr'><strong>diaboli</strong></span> <span class='ocrx_word' id='word_1_164' title='bbox 208 2302 412 2361; x_wconf 83' lang='lat' dir='ltr'><strong>formabantur.</strong></span> <span class='ocrx_word' id='word_1_165' title='bbox 455 2303 536 2363; x_wconf 92' lang='lat' dir='ltr'><strong>Vidit</strong></span> <span class='ocrx_word' id='word_1_166' title='bbox 557 2304 644 2362; x_wconf 91' lang='lat' dir='ltr'><strong>ctiam</strong></span> <span class='ocrx_word' id='word_1_167' title='bbox 665 2299 720 2382; x_wconf 77' lang='lat' dir='ltr'><strong>et²)</strong></span> <span class='ocrx_word' id='word_1_168' title='bbox 742 2320 839 2361; x_wconf 91' lang='lat' dir='ltr'><strong>ursum</strong></span> <span class='ocrx_word' id='word_1_169' title='bbox 862 2319 927 2360; x_wconf 91' lang='lat' dir='ltr'><strong>cum</strong></span> <span class='ocrx_word' id='word_1_170' title='bbox 949 2299 1123 2359; x_wconf 61' lang='lat' dir='ltr'><strong>dormitaret*</strong></span> 
     </span>
     <span class='ocr_line' id='line_1_23' title="bbox 77 2383 1113 2466; baseline -0.006 -18"><span class='ocrx_word' id='word_1_171' title='bbox 77 2394 167 2449; x_wconf 88' lang='lat' dir='ltr'><strong>noete</strong></span> <span class='ocrx_word' id='word_1_172' title='bbox 195 2388 320 2463; x_wconf 89' lang='lat' dir='ltr'><strong>quadam</strong></span> <span class='ocrx_word' id='word_1_173' title='bbox 341 2395 406 2449; x_wconf 89' lang='lat' dir='ltr'><strong>ante</strong></span> <span class='ocrx_word' id='word_1_174' title='bbox 427 2389 507 2448; x_wconf 93' lang='lat' dir='ltr'><strong>illum</strong></span> <span class='ocrx_word' id='word_1_175' title='bbox 534 2397 660 2449; x_wconf 91' lang='lat' dir='ltr'><strong>erectum</strong></span> <span class='ocrx_word' id='word_1_176' title='bbox 686 2395 823 2463; x_wconf 88' lang='lat' dir='ltr'><strong>stantem,</strong></span> <span class='ocrx_word' id='word_1_177' title='bbox 854 2383 1000 2466; x_wconf 80' lang='lat' dir='ltr'><strong>brachia⁸)</strong></span> <span class='ocrx_word' id='word_1_178' title='bbox 1027 2402 1113 2460; x_wconf 91' lang='lat' dir='ltr'><strong>super</strong></span> 
     </span>
     <span class='ocr_line' id='line_1_24' title="bbox 77 2474 1113 2552; baseline -0.003 -19"><span class='ocrx_word' id='word_1_179' title='bbox 77 2480 182 2552; x_wconf 88' lang='lat' dir='ltr'><strong>pectus</strong></span> <span class='ocrx_word' id='word_1_180' title='bbox 204 2477 263 2534; x_wconf 91' lang='lat' dir='ltr'><strong>eius</strong></span> <span class='ocrx_word' id='word_1_181' title='bbox 284 2483 452 2551; x_wconf 91' lang='lat' dir='ltr'><strong>ponentem,</strong></span> <span class='ocrx_word' id='word_1_182' title='bbox 479 2478 561 2536; x_wconf 53' lang='lat' dir='ltr'><strong>,cuius</strong></span> <span class='ocrx_word' id='word_1_183' title='bbox 583 2493 616 2535; x_wconf 89' lang='lat' dir='ltr'><strong>os</strong></span> <span class='ocrx_word' id='word_1_184' title='bbox 638 2476 814 2535; x_wconf 88' lang='lat' dir='ltr'><strong>dormitantis</strong></span> <span class='ocrx_word' id='word_1_185' title='bbox 835 2477 897 2535; x_wconf 86' lang='lat' dir='ltr'><strong>auri</strong></span> <span class='ocrx_word' id='word_1_186' title='bbox 919 2474 1113 2549; x_wconf 85' lang='lat' dir='ltr'><strong>coniungeba-</strong></span> 
     </span>
     <span class='ocr_line' id='line_1_25' title="bbox 76 2558 1113 2638; baseline -0.003 -17"><span class='ocrx_word' id='word_1_187' title='bbox 76 2568 135 2621; x_wconf 76' lang='lat' dir='ltr'><strong>brr.</strong></span> <span class='ocrx_word' id='word_1_188' title='bbox 177 2561 243 2620; x_wconf 90' lang='lat' dir='ltr'><strong>Non</strong></span> <span class='ocrx_word' id='word_1_189' title='bbox 265 2562 355 2622; x_wconf 90' lang='lat' dir='ltr'><strong>multo</strong></span> <span class='ocrx_word' id='word_1_190' title='bbox 381 2570 463 2638; x_wconf 89' lang='lat' dir='ltr'><strong>post,</strong></span> <span class='ocrx_word' id='word_1_191' title='bbox 489 2563 648 2622; x_wconf 86' lang='lat' dir='ltr'><strong>secundum</strong></span> <span class='ocrx_word' id='word_1_192' title='bbox 677 2558 754 2637; x_wconf 87' lang='lat' dir='ltr'><strong>quod</strong></span> <span class='ocrx_word' id='word_1_193' title='bbox 783 2565 810 2622; x_wconf 91' lang='lat' dir='ltr'><strong>ei</strong></span> <span class='ocrx_word' id='word_1_194' title='bbox 838 2579 955 2620; x_wconf 91' lang='lat' dir='ltr'><strong>suasum</strong></span> <span class='ocrx_word' id='word_1_195' title='bbox 982 2560 1113 2619; x_wconf 84' lang='lat' dir='ltr'><strong>lucrata</strong></span> 
     </span>
     <span class='ocr_line' id='line_1_26' title="bbox 77 2646 1113 2725; baseline -0.003 -18"><span class='ocrx_word' id='word_1_196' title='bbox 77 2647 212 2722; x_wconf 85' lang='lat' dir='ltr'><strong>diabolo,</strong></span> <span class='ocrx_word' id='word_1_197' title='bbox 243 2652 424 2724; x_wconf 87' lang='lat' dir='ltr'><strong>apostatavit.</strong></span> <span class='ocrx_word' id='word_1_198' title='bbox 467 2649 568 2725; x_wconf 90' lang='lat' dir='ltr'><strong>Neque</strong></span> <span class='ocrx_word' id='word_1_199' title='bbox 597 2652 658 2708; x_wconf 91' lang='lat' dir='ltr'><strong>sine</strong></span> <span class='ocrx_word' id='word_1_200' title='bbox 687 2666 775 2709; x_wconf 88' lang='lat' dir='ltr'><strong>eausa</strong></span> <span class='ocrx_word' id='word_1_201' title='bbox 803 2648 933 2707; x_wconf 89' lang='lat' dir='ltr'><strong>diabolus</strong></span> <span class='ocrx_word' id='word_1_202' title='bbox 961 2646 1042 2704; x_wconf 92' lang='lat' dir='ltr'><strong>illum</strong></span> <span class='ocrx_word' id='word_1_203' title='bbox 1061 2662 1113 2720; x_wconf 93' lang='lat' dir='ltr'><strong>per</strong></span> 
     </span>
     <span class='ocr_line' id='line_1_27' title="bbox 76 2731 1112 2815; baseline -0.003 -21"><span class='ocrx_word' id='word_1_204' title='bbox 76 2731 209 2815; x_wconf 81' lang='lat' dir='ltr'><strong>ursum⁹)</strong></span> <span class='ocrx_word' id='word_1_205' title='bbox 232 2737 360 2795; x_wconf 82' lang='lat' dir='ltr'><strong>extraxit</strong></span> <span class='ocrx_word' id='word_1_206' title='bbox 403 2736 493 2796; x_wconf 88' lang='lat' dir='ltr'><strong>Ursus</strong></span> <span class='ocrx_word' id='word_1_207' title='bbox 522 2736 624 2795; x_wconf 87' lang='lat' dir='ltr'><strong>dicitnr</strong></span> <span class='ocrx_word' id='word_1_208' title='bbox 652 2739 734 2810; x_wconf 89' lang='lat' dir='ltr'><strong>quasi</strong></span> <span class='ocrx_word' id='word_1_209' title='bbox 763 2753 857 2809; x_wconf 91' lang='lat' dir='ltr'><strong>orsus,</strong></span> <span class='ocrx_word' id='word_1_210' title='bbox 890 2750 925 2794; x_wconf 93' lang='lat' dir='ltr'><strong>eo</strong></span> <span class='ocrx_word' id='word_1_211' title='bbox 954 2732 1031 2808; x_wconf 89' lang='lat' dir='ltr'><strong>quod</strong></span> <span class='ocrx_word' id='word_1_212' title='bbox 1063 2747 1112 2791; x_wconf 93' lang='lat' dir='ltr'><strong>ore</strong></span> 
     </span>
     <span class='ocr_line' id='line_1_28' title="bbox 75 2818 1113 2902; baseline -0.002 -23"><span class='ocrx_word' id='word_1_213' title='bbox 75 2821 169 2880; x_wconf 80' lang='lat' dir='ltr'><strong>fetum</strong></span> <span class='ocrx_word' id='word_1_214' title='bbox 196 2839 281 2880; x_wconf 88' lang='lat' dir='ltr'><strong>suum</strong></span> <span class='ocrx_word' id='word_1_215' title='bbox 307 2822 409 2881; x_wconf 83' lang='lat' dir='ltr'><strong>formet</strong></span> <span class='ocrx_word' id='word_1_216' title='bbox 423 2818 475 2902; x_wconf 91' lang='lat'>¹⁰)..</span> <span class='ocrx_word' id='word_1_217' title='bbox 510 2823 548 2880; x_wconf 89' lang='lat' dir='ltr'><strong>Et</strong></span> <span class='ocrx_word' id='word_1_218' title='bbox 578 2822 707 2882; x_wconf 89' lang='lat' dir='ltr'><strong>diabolus</strong></span> <span class='ocrx_word' id='word_1_219' title='bbox 739 2825 779 2882; x_wconf 85' lang='lat' dir='ltr'><strong>ita</strong></span> <span class='ocrx_word' id='word_1_220' title='bbox 793 2819 821 2902; x_wconf 86' lang='lat'><strong>¹¹)</strong></span> <span class='ocrx_word' id='word_1_221' title='bbox 843 2822 1004 2880; x_wconf 83' lang='lat' dir='ltr'><strong>informavit</strong></span> <span class='ocrx_word' id='word_1_222' title='bbox 1032 2818 1113 2877; x_wconf 93' lang='lat' dir='ltr'><strong>illum</strong></span> 
     </span>
     <span class='ocr_line' id='line_1_29' title="bbox 76 2905 1112 2984; baseline -0.005 -16"><span class='ocrx_word' id='word_1_223' title='bbox 76 2907 246 2968; x_wconf 70' lang='lat' dir='ltr'><strong>mambae</strong></span> <span class='ocrx_word' id='word_1_224' title='bbox 267 2908 439 2983; x_wconf 86' lang='lat' dir='ltr'><strong>verborum,</strong></span> <span class='ocrx_word' id='word_1_225' title='bbox 460 2915 492 2967; x_wconf 88' lang='lat' dir='ltr'><strong>ut</strong></span> <span class='ocrx_word' id='word_1_226' title='bbox 515 2910 551 2968; x_wconf 95' lang='lat' dir='ltr'><strong>ob</strong></span> <span class='ocrx_word' id='word_1_227' title='bbox 574 2909 777 2984; x_wconf 87' lang='lat' dir='ltr'><strong>loquacitatem</strong></span> <span class='ocrx_word' id='word_1_228' title='bbox 799 2911 855 2969; x_wconf 90' lang='lat' dir='ltr'><strong>oris</strong></span> <span class='ocrx_word' id='word_1_229' title='bbox 877 2909 1001 2967; x_wconf 89' lang='lat' dir='ltr'><strong>suitam</strong></span> <span class='ocrx_word' id='word_1_230' title='bbox 1022 2905 1112 2981; x_wconf 84' lang='lat' dir='ltr'><strong>Regi-</strong></span> 
     </span>
     <span class='ocr_line' id='line_1_30' title="bbox 76 2994 1113 3071; baseline -0.005 -17"><span class='ocrx_word' id='word_1_231' title='bbox 76 2994 136 3054; x_wconf 75' lang='lat' dir='ltr'><strong>bns</strong></span> <span class='ocrx_word' id='word_1_232' title='bbox 166 3010 254 3071; x_wconf 83' lang='lat' dir='ltr'><strong>quarn</strong></span> <span class='ocrx_word' id='word_1_233' title='bbox 275 2994 453 3070; x_wconf 90' lang='lat' dir='ltr'><strong>Principibus</strong></span> <span class='ocrx_word' id='word_1_234' title='bbox 481 2996 602 3053; x_wconf 90' lang='lat' dir='ltr'><strong>multum</strong></span> <span class='ocrx_word' id='word_1_235' title='bbox 631 2999 667 3054; x_wconf 91' lang='lat' dir='ltr'><strong>sit</strong></span> <span class='ocrx_word' id='word_1_236' title='bbox 694 3002 838 3071; x_wconf 89' lang='lat' dir='ltr'><strong>acceptus.</strong></span> <span class='ocrx_word' id='word_1_237' title='bbox 880 2994 1010 3053; x_wconf 89' lang='lat' dir='ltr'><strong>Vocatur</strong></span> <span class='ocrx_word' id='word_1_238' title='bbox 1037 2994 1113 3052; x_wconf 92' lang='lat' dir='ltr'><strong>enirn</strong></span> 
     </span>
    </p>
   </div>
   <div class='ocr_carea' id='block_1_5' title="bbox 74 3072 1112 3401">
    <p class='ocr_par' dir='ltr' id='par_1_5' title="bbox 74 3072 1112 3401">
     <span class='ocr_line' id='line_1_31' title="bbox 75 3072 1112 3158; baseline -0.004 -17"><span class='ocrx_word' id='word_1_239' title='bbox 75 3079 221 3141; x_wconf 84' lang='lat' dir='ltr'><strong>Heurlcus</strong></span> <span class='ocrx_word' id='word_1_240' title='bbox 250 3088 438 3157; x_wconf 83' lang='lat' dir='ltr'><strong>cognomento</strong></span> <span class='ocrx_word' id='word_1_241' title='bbox 467 3081 530 3158; x_wconf 87' lang='lat' dir='ltr'><strong>Fig.</strong></span> <span class='ocrx_word' id='word_1_242' title='bbox 565 3083 721 3157; x_wconf 85' lang='lat' dir='ltr'><strong>Susceptus</strong></span> <span class='ocrx_word' id='word_1_243' title='bbox 755 3100 774 3141; x_wconf 92' lang='lat' dir='ltr'><strong>a</strong></span> <span class='ocrx_word' id='word_1_244' title='bbox 810 3072 924 3141; x_wconf 82' lang='lat' dir='ltr'><strong>domino</strong></span> <span class='ocrx_word' id='word_1_245' title='bbox 958 3079 1112 3139; x_wconf 87' lang='lat' dir='ltr'><strong>Gisilberto</strong></span> 
     </span>
     <span class='ocr_line' id='line_1_32' title="bbox 74 3164 1112 3243; baseline 0 -17"><span class='ocrx_word' id='word_1_246' title='bbox 74 3164 195 3227; x_wconf 85' lang='lat' dir='ltr'><strong>Abbate</strong></span> <span class='ocrx_word' id='word_1_247' title='bbox 216 3169 246 3225; x_wconf 92' lang='lat' dir='ltr'><strong>in</strong></span> <span class='ocrx_word' id='word_1_248' title='bbox 266 3170 419 3242; x_wconf 87' lang='lat' dir='ltr'><strong>novicium,</strong></span> <span class='ocrx_word' id='word_1_249' title='bbox 440 3185 508 3226; x_wconf 87' lang='lat' dir='ltr'><strong>mox</strong></span> <span class='ocrx_word' id='word_1_250' title='bbox 529 3176 562 3226; x_wconf 91' lang='lat' dir='ltr'><strong>ut</strong></span> <span class='ocrx_word' id='word_1_251' title='bbox 583 3186 648 3227; x_wconf 92' lang='lat' dir='ltr'><strong>eum</strong></span> <span class='ocrx_word' id='word_1_252' title='bbox 669 3185 720 3243; x_wconf 89' lang='lat' dir='ltr'><strong>per</strong></span> <span class='ocrx_word' id='word_1_253' title='bbox 742 3168 948 3228; x_wconf 86' lang='lat' dir='ltr'><strong>consessionem</strong></span> <span class='ocrx_word' id='word_1_254' title='bbox 966 3183 1112 3242; x_wconf 84' lang='lat' dir='ltr'><strong>cognove-</strong></span> 
     </span>
     <span class='ocr_line' id='line_1_33' title="bbox 74 3251 1112 3333; baseline -0.002 -20"><span class='ocrx_word' id='word_1_255' title='bbox 74 3255 248 3331; x_wconf 78' lang='lat' dir='ltr'><strong>ratnigrum</strong></span> <span class='ocrx_word' id='word_1_256' title='bbox 268 3253 441 3313; x_wconf 91' lang='lat' dir='ltr'><strong>monachum</strong></span> <span class='ocrx_word' id='word_1_257' title='bbox 462 3255 549 3313; x_wconf 88' lang='lat' dir='ltr'><strong>fuisse</strong></span> <span class='ocrx_word' id='word_1_258' title='bbox 563 3251 601 3333; x_wconf 89' lang='lat'><strong>¹²),</strong></span> <span class='ocrx_word' id='word_1_259' title='bbox 625 3272 746 3330; x_wconf 91' lang='lat' dir='ltr'><strong>cappam</strong></span> <span class='ocrx_word' id='word_1_260' title='bbox 766 3255 807 3315; x_wconf 93' lang='lat' dir='ltr'><strong>illi</strong></span> <span class='ocrx_word' id='word_1_261' title='bbox 828 3257 949 3314; x_wconf 87' lang='lat' dir='ltr'><strong>mutavit</strong></span> <span class='ocrx_word' id='word_1_262' title='bbox 969 3256 998 3312; x_wconf 94' lang='lat' dir='ltr'><strong>in</strong></span> <span class='ocrx_word' id='word_1_263' title='bbox 1011 3252 1112 3313; x_wconf 91' lang='lat' dir='ltr'><strong>cucul-</strong></span> 
     </span>
     <span class='ocr_line' id='line_1_34' title="bbox 75 3339 1111 3401; baseline -0.002 -1"><span class='ocrx_word' id='word_1_264' title='bbox 75 3339 147 3400; x_wconf 79' lang='lat' dir='ltr'><strong>lam</strong></span> <span class='ocrx_word' id='word_1_265' title='bbox 189 3339 292 3400; x_wconf 78' lang='lat' dir='ltr'><strong>Fertur</strong></span> <span class='ocrx_word' id='word_1_266' title='bbox 314 3343 400 3400; x_wconf 90' lang='lat' dir='ltr'><strong>etiam</strong></span> <span class='ocrx_word' id='word_1_267' title='bbox 421 3341 507 3401; x_wconf 84' lang='lat' dir='ltr'><strong>fuisse</strong></span> <span class='ocrx_word' id='word_1_268' title='bbox 529 3344 557 3400; x_wconf 92' lang='lat' dir='ltr'><strong>in</strong></span> <span class='ocrx_word' id='word_1_269' title='bbox 585 3341 683 3401; x_wconf 88' lang='lat' dir='ltr'><strong>ordine</strong></span> <span class='ocrx_word' id='word_1_270' title='bbox 704 3342 987 3401; x_wconf 90' lang='lat' dir='ltr'><strong>Praemonstratensi.</strong></span> <span class='ocrx_word' id='word_1_271' title='bbox 1027 3341 1111 3399; x_wconf 90' lang='lat' dir='ltr'><strong>Prius</strong></span> 
     </span>
    </p>
   </div>
   <div class='ocr_carea' id='block_1_6' title="bbox 96 3469 1111 3890">
    <p class='ocr_par' dir='ltr' id='par_1_6' title="bbox 96 3469 1111 3543">
     <span class='ocr_line' id='line_1_35' title="bbox 96 3469 1111 3543; baseline 0.002 -20"><span class='ocrx_word' id='word_1_272' title='bbox 96 3472 128 3541; x_wconf 84' lang='lat'><strong>1)</strong></span> <span class='ocrx_word' id='word_1_273' title='bbox 145 3469 211 3524; x_wconf 73' lang='lat' dir='ltr'><strong>ab?</strong></span> <span class='ocrx_word' id='word_1_274' title='bbox 228 3473 390 3540; x_wconf 83' lang='lat' dir='ltr'><strong>exposita.</strong></span> <span class='ocrx_word' id='word_1_275' title='bbox 403 3503 436 3512; x_wconf 90' lang='lat'><em>-</em></span> <span class='ocrx_word' id='word_1_276' title='bbox 454 3473 486 3541; x_wconf 84' lang='lat'><strong>2)</strong></span> <span class='ocrx_word' id='word_1_277' title='bbox 504 3473 524 3525; x_wconf 91' lang='lat' dir='ltr'>B</span> <span class='ocrx_word' id='word_1_278' title='bbox 543 3476 721 3543; x_wconf 88' lang='lat' dir='ltr'><strong>praecepit.</strong></span> <span class='ocrx_word' id='word_1_279' title='bbox 736 3504 767 3514; x_wconf 87' lang='lat'><em>-</em></span> <span class='ocrx_word' id='word_1_280' title='bbox 786 3475 818 3542; x_wconf 82' lang='lat'><strong>3)</strong></span> <span class='ocrx_word' id='word_1_281' title='bbox 836 3474 877 3527; x_wconf 84' lang='lat' dir='ltr'><strong>BG</strong></span> <span class='ocrx_word' id='word_1_282' title='bbox 894 3474 965 3526; x_wconf 87' lang='lat' dir='ltr'><strong>vini</strong></span> <span class='ocrx_word' id='word_1_283' title='bbox 983 3475 1111 3541; x_wconf 87' lang='lat' dir='ltr'><strong>appeti·</strong></span> 
     </span>
    </p>

    <p class='ocr_par' dir='ltr' id='par_1_7' title="bbox 146 3541 1109 3610">
     <span class='ocr_line' id='line_1_36' title="bbox 146 3541 1109 3610; baseline 0.001 -17"><span class='ocrx_word' id='word_1_284' title='bbox 146 3549 208 3593; x_wconf 79' lang='lat' dir='ltr'><strong>tuo.</strong></span> <span class='ocrx_word' id='word_1_285' title='bbox 227 3570 259 3581; x_wconf 95' lang='lat'><em>—</em></span> <span class='ocrx_word' id='word_1_286' title='bbox 283 3542 316 3609; x_wconf 76' lang='lat'><strong>4)</strong></span> <span class='ocrx_word' id='word_1_287' title='bbox 333 3541 410 3594; x_wconf 85' lang='lat' dir='ltr'><strong>Eecli.</strong></span> <span class='ocrx_word' id='word_1_288' title='bbox 434 3542 475 3602; x_wconf 83' lang='lat'><strong>19,</strong></span> <span class='ocrx_word' id='word_1_289' title='bbox 493 3543 517 3594; x_wconf 88' lang='lat'><strong>2.</strong></span> <span class='ocrx_word' id='word_1_290' title='bbox 538 3574 568 3583; x_wconf 93' lang='lat'><em>-</em></span> <span class='ocrx_word' id='word_1_291' title='bbox 593 3544 624 3610; x_wconf 88' lang='lat'><strong>5)</strong></span> <span class='ocrx_word' id='word_1_292' title='bbox 642 3543 681 3596; x_wconf 79' lang='lat' dir='ltr'><strong>cl&gt;</strong></span> <span class='ocrx_word' id='word_1_293' title='bbox 698 3544 763 3610; x_wconf 75' lang='lat' dir='ltr'><strong>rig.</strong></span> <span class='ocrx_word' id='word_1_294' title='bbox 784 3574 814 3583; x_wconf 96' lang='lat'><em>-</em></span> <span class='ocrx_word' id='word_1_295' title='bbox 841 3544 872 3610; x_wconf 89' lang='grc'><strong>6)</strong></span> <span class='ocrx_word' id='word_1_296' title='bbox 891 3543 955 3596; x_wconf 73' lang='lat' dir='ltr'><strong>Ab?</strong></span> <span class='ocrx_word' id='word_1_297' title='bbox 979 3546 1059 3610; x_wconf 82' lang='lat' dir='ltr'><strong>ipae.</strong></span> <span class='ocrx_word' id='word_1_298' title='bbox 1078 3574 1109 3582; x_wconf 92' lang='lat'><em>-</em></span> 
     </span>
    </p>

    <p class='ocr_par' dir='ltr' id='par_1_8' title="bbox 197 3611 1109 3681">
     <span class='ocr_line' id='line_1_37' title="bbox 197 3611 1109 3681; baseline 0.005 -19"><span class='ocrx_word' id='word_1_299' title='bbox 197 3618 228 3662; x_wconf 83' lang='lat' dir='ltr'><strong>et</strong></span> <span class='ocrx_word' id='word_1_300' title='bbox 244 3623 286 3662; x_wconf 82' lang='lat' dir='ltr'><strong>orn</strong></span> <span class='ocrx_word' id='word_1_301' title='bbox 304 3611 360 3675; x_wconf 70' lang='lat'><strong>⁰113</strong></span> <span class='ocrx_word' id='word_1_302' title='bbox 378 3611 443 3663; x_wconf 88' lang='lat' dir='ltr'><strong>conf.</strong></span> <span class='ocrx_word' id='word_1_303' title='bbox 462 3612 507 3672; x_wconf 80' lang='lat' dir='ltr'><strong>lv,</strong></span> <span class='ocrx_word' id='word_1_304' title='bbox 526 3613 567 3664; x_wconf 85' lang='grc'><strong>96.</strong></span> <span class='ocrx_word' id='word_1_305' title='bbox 586 3614 616 3676; x_wconf 90' lang='lat' dir='ltr'><strong>V,</strong></span> <span class='ocrx_word' id='word_1_306' title='bbox 635 3615 659 3664; x_wconf 89' lang='lat'><strong>1.</strong></span> <span class='ocrx_word' id='word_1_307' title='bbox 678 3613 726 3664; x_wconf 82' lang='lat' dir='ltr'><strong>vn.</strong></span> <span class='ocrx_word' id='word_1_308' title='bbox 745 3614 770 3664; x_wconf 88' lang='lat' dir='ltr'><strong>S.</strong></span> <span class='ocrx_word' id='word_1_309' title='bbox 789 3613 893 3665; x_wconf 86' lang='lat' dir='ltr'><strong>Melaeh.</strong></span> <span class='ocrx_word' id='word_1_310' title='bbox 913 3614 937 3665; x_wconf 90' lang='grc'><strong>6.</strong></span> <span class='ocrx_word' id='word_1_311' title='bbox 956 3630 980 3681; x_wconf 90' lang='lat' dir='ltr'><strong>p.</strong></span> <span class='ocrx_word' id='word_1_312' title='bbox 999 3615 1058 3667; x_wconf 87' lang='grc'>516.</span> <span class='ocrx_word' id='word_1_313' title='bbox 1078 3643 1109 3652; x_wconf 93' lang='lat'>-</span> 
     </span>
    </p>

    <p class='ocr_par' dir='ltr' id='par_1_9' title="bbox 146 3678 1111 3751">
     <span class='ocr_line' id='line_1_38' title="bbox 146 3678 1111 3751; baseline 0.002 -20"><span class='ocrx_word' id='word_1_314' title='bbox 146 3680 165 3731; x_wconf 83' lang='grc'>8</span> <span class='ocrx_word' id='word_1_315' title='bbox 197 3678 218 3731; x_wconf 84' lang='lat' dir='ltr'><strong>ll</strong></span> <span class='ocrx_word' id='word_1_316' title='bbox 235 3688 268 3731; x_wconf 85' lang='lat' dir='ltr'><strong>et</strong></span> <span class='ocrx_word' id='word_1_317' title='bbox 285 3679 428 3732; x_wconf 87' lang='lat' dir='ltr'><strong>brachia.</strong></span> <span class='ocrx_word' id='word_1_318' title='bbox 448 3710 480 3720; x_wconf 89' lang='lat'><em>-</em></span> <span class='ocrx_word' id='word_1_319' title='bbox 500 3683 531 3750; x_wconf 81' lang='lat'><strong>9)</strong></span> <span class='ocrx_word' id='word_1_320' title='bbox 549 3682 568 3735; x_wconf 82' lang='lat' dir='ltr'><strong>G</strong></span> <span class='ocrx_word' id='word_1_321' title='bbox 586 3698 644 3750; x_wconf 89' lang='lat' dir='ltr'><strong>per</strong></span> <span class='ocrx_word' id='word_1_322' title='bbox 661 3699 768 3734; x_wconf 86' lang='lat' dir='ltr'><strong>ursum</strong></span> <span class='ocrx_word' id='word_1_323' title='bbox 787 3683 882 3735; x_wconf 89' lang='lat' dir='ltr'><strong>illum.</strong></span> <span class='ocrx_word' id='word_1_324' title='bbox 897 3713 928 3722; x_wconf 86' lang='lat'><em>-</em></span> <span class='ocrx_word' id='word_1_325' title='bbox 949 3682 1028 3751; x_wconf 82' lang='lat'>10)0</span> <span class='ocrx_word' id='word_1_326' title='bbox 1046 3684 1111 3735; x_wconf 84' lang='lat' dir='ltr'><strong>lor-</strong></span> 
     </span>
    </p>

    <p class='ocr_par' dir='ltr' id='par_1_10' title="bbox 145 3750 1111 3890">
     <span class='ocr_line' id='line_1_39' title="bbox 146 3750 1111 3821; baseline 0.002 -19"><span class='ocrx_word' id='word_1_327' title='bbox 146 3757 217 3802; x_wconf 74' lang='lat' dir='ltr'><strong>nant</strong></span> <span class='ocrx_word' id='word_1_328' title='bbox 236 3778 267 3789; x_wconf 97' lang='lat'><em>-</em></span> <span class='ocrx_word' id='word_1_329' title='bbox 293 3750 341 3817; x_wconf 81' lang='lat'><strong>11]</strong></span> <span class='ocrx_word' id='word_1_330' title='bbox 363 3751 410 3802; x_wconf 82' lang='lat' dir='ltr'><strong>ita</strong></span> <span class='ocrx_word' id='word_1_331' title='bbox 431 3766 472 3802; x_wconf 86' lang='lat' dir='ltr'><strong>orn</strong></span> <span class='ocrx_word' id='word_1_332' title='bbox 490 3750 541 3803; x_wconf 86' lang='lat' dir='ltr'><strong>BD.</strong></span> <span class='ocrx_word' id='word_1_333' title='bbox 560 3781 593 3791; x_wconf 93' lang='lat'><em>-</em></span> <span class='ocrx_word' id='word_1_334' title='bbox 618 3751 704 3820; x_wconf 82' lang='lat' dir='ltr'>12)ss</span> <span class='ocrx_word' id='word_1_335' title='bbox 728 3754 855 3821; x_wconf 85' lang='lat' dir='ltr'><strong>nigrum</strong></span> <span class='ocrx_word' id='word_1_336' title='bbox 878 3752 981 3805; x_wconf 82' lang='lat' dir='ltr'><strong>luisse</strong></span> <span class='ocrx_word' id='word_1_337' title='bbox 1004 3767 1111 3804; x_wconf 86' lang='lat' dir='ltr'><strong>mona-</strong></span> 
     </span>
     <span class='ocr_line' id='line_1_40' title="bbox 145 3817 765 3890; baseline 0.005 -19"><span class='ocrx_word' id='word_1_338' title='bbox 145 3817 253 3883; x_wconf 80' lang='lat' dir='ltr'><strong>cham,</strong></span> <span class='ocrx_word' id='word_1_339' title='bbox 269 3817 290 3873; x_wconf 81' lang='lat' dir='ltr'><strong>G</strong></span> <span class='ocrx_word' id='word_1_340' title='bbox 307 3818 413 3872; x_wconf 74' lang='lat' dir='ltr'><strong>luisse</strong></span> <span class='ocrx_word' id='word_1_341' title='bbox 430 3820 555 3890; x_wconf 78' lang='lat' dir='ltr'><strong>nigrum</strong></span> <span class='ocrx_word' id='word_1_342' title='bbox 573 3821 765 3874; x_wconf 84' lang='lat' dir='ltr'><strong>monachum.</strong></span> 
     </span>
    </p>
   </div>
   <div class='ocr_carea' id='block_1_7' title="bbox 0 0 1234 4162">
    <p class='ocr_par' dir='ltr' id='par_1_11' title="bbox 0 0 1234 4162">
     <span class='ocr_line' id='line_1_41' title="bbox 0 0 1234 4162; baseline 0 0"><span class='ocrx_word' id='word_1_343' title='bbox 0 0 1234 4162; x_wconf 95' lang='lat' dir='ltr'><strong> </strong></span> 
     </span>
    </p>
   </div>
  </div>
 </body>
</html>
