2438 4170
52 316 56 321 ,
121 230 184 292 aee
433 172 661 291 ursrnrcrro
683 227 834 307 eumen

119 354 185 429 listi,
205 352 327 411 flammis
346 351 530 413 infernalibus
551 371 569 412 a
590 354 673 412 uobis
695 353 835 429 liquatum
857 354 994 429 guttatim
1015 353 1164 412 mittemus

122 443 150 498 in
180 439 277 499 oculos
299 447 379 514 tuos,
408 445 436 499 et
456 457 507 516 per
533 457 616 499 omne
639 457 742 516 corpus
764 430 935 500 stillabirnus
955 439 1162 516 pinguedinem

123 529 193 587 eius.
235 528 342 586 Vinum
355 544 424 586 vero
440 527 518 603 quod
535 528 588 587 sub
611 528 706 586 banno
729 534 778 586 tuo
801 530 829 586 in
850 528 907 586 hac
928 526 999 586 ville
1020 527 1164 601 venditur,

123 614 235 674 fervens
262 615 293 671 in
317 631 349 673 os
370 620 452 673 tuum
472 614 633 673 fundemus.
677 614 787 691 Quibus
808 616 906 685 verbis
928 614 1011 672 miles
1033 617 1163 688 territus,

21 706 25 727 '
124 702 272 760 tabernam
302 703 423 776 amovit,
452 707 481 760 et
500 700 623 760 vitulum
651 701 760 760 mulieri
781 690 913 760 restituit.
955 699 1162 761 NOVICIUS:

125 787 201 847 Satis
222 787 289 845 mihi
310 789 464 863 probatum
483 790 541 846 iam
553 785 570 868 ¹)
591 789 694 862 fateor,
720 788 797 863 quod
819 789 976 848 daemones
998 790 1065 862 sint,
1088 787 1163 864 quod

125 873 206 933 multi
227 877 297 950 sint,
324 881 353 934 et
375 874 452 950 quod
472 875 541 935 mali
561 878 631 951 sint3
662 892 740 934 nnnc
762 893 849 951 quam
870 875 965 934 infesti
986 876 1073 935 nobis
1095 877 1161 950 sint,

39 1027 48 1037 5
125 961 232 1036 aliquid
277 962 330 1021 sub
365 962 500 1037 exemplis
539 961 637 1021 audim
670 961 801 1021 delectat.
854 960 1096 1022 MONACHUS:
1117 962 1161 1021 Ita

123 1048 217 1107 infesti
245 1054 312 1107 sunt
339 1049 516 1123 hominibus,
542 1055 575 1106 ut
603 1051 675 1107 inter
704 1052 810 1108 amicos
843 1048 1001 1108 discordias
1040 1048 1161 1123 faciant,

125 1141 155 1193 ot
187 1138 316 1195 inimicos
349 1135 523 1194 reconciliari
557 1153 615 1193 non
647 1126 749 1194 sinant
799 1136 856 1194 Pro
892 1136 1006 1196 Christo
1045 1143 1075 1195 et
1108 1152 1160 1211 pro

125 1225 250 1298 peccatis
279 1224 337 1281 suis
364 1225 537 1298 peregrinari
565 1223 694 1282 volentes
724 1223 884 1298 retrahunt,
921 1225 1052 1282 converti
1084 1223 1161 1282 desi·

126 1308 258 1369 decantes
290 1316 436 1384 avertunt,
470 1326 622 1369 conversos
648 1309 744 1369 multis
766 1309 858 1369 modis
889 1311 1008 1370 trnbant
1044 1316 1075 1369 et
1103 1312 1159 1368 im·

125 1396 251 1470 pediunt.
292 1395 368 1455 Ecce
392 1396 531 1475 exempla.

438 1621 669 1682 CAPITULUM
688 1621 840 1687 XXXIX.

147 1779 195 1837 De
216 1776 342 1850 diabole,
364 1779 417 1853 qui
433 1780 513 1836 visos
535 1783 577 1834 est
597 1778 741 1835 sominare
762 1777 940 1836 discordiam
965 1781 1044 1836 ieter
1066 1777 1140 1837 daos

482 1867 654 1938 percoctam
677 1867 794 1922 amicos.

192 2020 259 2079 Duo
282 2022 359 2080 cives
383 2019 575 2094 Calontenses,
595 2021 650 2078 viri
664 2020 765 2079 divites
788 2027 816 2079 et
836 2020 958 2096 honesti,
981 2028 1009 2080 et
1023 2021 1161 2097 speciales

128 2107 309 2167 adinvicem
330 2109 422 2182 amici,
448 2124 483 2165 cx
505 2108 609 2182 quibus
629 2125 703 2165 uuus
725 2108 884 2166 vocabatur
905 2107 1072 2184 Sistappm,
1093 2108 1161 2168 alter

128 2212 196 2254 vcro
227 2193 412 2269 Godefridus,
443 2194 481 2253 ad
516 2201 648 2252 sanctum
675 2193 819 2266 Jacobum
851 2193 1024 2270 Apostolum
1033 2192 1053 2272 ²)
1081 2195 1161 2254 simul

127 2282 245 2358 profecti
277 2287 352 2342 sunt.
402 2281 459 2339 Die
492 2280 616 2356 quadarn
650 2277 743 2360 cum³)
778 2281 830 2340 soli
859 2285 1034 2356 equitarent,
1063 2284 1161 2342 ceteris

128 2369 260 2428 fratribus
288 2367 537 2443 praecedentibm,
567 2368 697 2426 diabolus
725 2368 854 2427 inridens
877 2372 1018 2428 amicitiae
1043 2376 1071 2428 et
1093 2387 1161 2428 con·

129 2455 242 2516 cordiae
274 2455 388 2513 illorum
401 2451 424 2533 ⁴)
464 2457 492 2512 in
527 2457 657 2530 ingressu
686 2455 833 2513 cniusdam
860 2459 998 2530 nemenio,
1026 2457 1161 2515 baculum

131 2542 279 2602 Godefridi
302 2544 332 2598 in
360 2540 443 2600 dorso
475 2543 563 2616 ipsius
589 2542 760 2617 pendentem
770 2539 805 2620 ⁵),
834 2544 959 2617 satisque
987 2543 1104 2618 sortem,
1133 2546 1160 2600 in

130 2630 201 2688 duas
228 2635 323 2705 partes
351 2629 442 2704 fregit.
493 2628 549 2704 Qui
577 2647 641 2687 cnm
670 2632 812 2687 neminem
841 2630 942 2688 adesse
971 2633 1160 2707 conspiceret,

129 2719 259 2776 turbatus
282 2716 415 2775 clamarit
436 2714 473 2774 ad
489 2718 611 2774 socium:
633 2715 695 2789 Eia,
717 2717 810 2789 frater,
833 2734 920 2790 quare
940 2717 1050 2792 fregisti
1070 2719 1160 2777 bacu-

128 2803 189 2862 lum
210 2801 329 2862 meum?
356 2802 409 2860 lllo
437 2809 560 2878 negante
590 2805 676 2860 etiarn
706 2820 771 2860 curn
798 2805 973 2877 iuramento,
1001 2806 1076 2863 sicut
1095 2805 1160 2862 mihi

129 2893 186 2949 iam
209 2890 300 2949 dictus
323 2888 494 2947 Godefridus
515 2888 617 2962 retulit,
638 2893 678 2949 ita
698 2891 728 2945 iu
750 2907 815 2948 euru
838 2894 950 2963 exarsit,
974 2894 1078 2949 utrix
1099 2910 1160 2950 ma-

129 2992 188 3036 nus·
205 2978 242 3036 ab
258 2979 317 3035 cius
330 2975 456 3034 laesione
471 2975 623 3034 cohiberet.
666 2976 796 3034 Tandem
816 2979 908 3052 gratia
929 2978 986 3036 Dei
1008 2984 1037 3036 et
1058 2981 1162 3036 meritis

130 3065 206 3122 beati
234 3062 367 3137 Apostoli
388 3063 425 3121 ad
446 3069 570 3121 mentem
592 3063 734 3136 reductae,
756 3064 833 3138 apud
854 3068 963 3122 socium
985 3068 1070 3123 unice
1092 3065 1161 3124 dile-

131 3158 208 3209 ctum
236 3152 440 3226 poenitentiam
462 3152 534 3226 egit,
563 3156 591 3207 ct
620 3153 705 3209 totius
736 3150 893 3210 discordiae
916 3159 1004 3226 caput
1032 3153 1162 3212 diabolus

131 3231 293 3316 confusus⁶)
322 3237 439 3312 aufugit.

148 3601 178 3668 ¹³
197 3597 326 3718 iffi
354 3595 880 3732 iitbtt¹¹aatttitssttt¹t
898 3597 1007 3719 tait
1025 3630 1064 3720 {t
1087 3600 1163 3721 {it

200 3735 340 3789 cordiae.
365 3765 394 3773 -
421 3735 453 3803 5)
475 3734 516 3786 ΒΟ
537 3733 683 3786 baculum
709 3737 739 3786 in
762 3736 856 3788 dorso
886 3737 1057 3790 Godeiridi
1088 3755 1163 3806 pen-

194 3808 334 3862 dentem.
355 3834 384 3844 -
406 3805 437 3874 6)
456 3804 612 3857 contusus
629 3819 672 3856 om
690 3804 736 3858 BG.
