2460 4162
425 222 480 300 nn
501 237 791 302 snmnrcrrsru.
901 280 905 285 .
1060 241 1122 302 esa

87 364 132 424 ita
166 360 339 439 abundavit,
370 368 404 422 ut
430 364 569 422 sustinere
594 380 652 422 non
676 368 782 439 posset,
809 363 999 437 inquantum
1025 369 1124 424 vetare

87 451 197 528 potnit,
223 454 258 509 ut
283 449 386 524 aliquis
408 449 587 523 caederetur,
614 448 663 509 vel
693 451 879 509 iniuriaretnr.
920 450 977 509 Die
999 449 1125 525 quadam

87 555 156 598 cum
175 539 205 595 in
226 536 332 596 scholis
354 535 493 596 clamores
514 536 663 596 cuiusdam
684 539 828 610 canonici,
856 538 904 612 qui
919 538 1049 613 graviter
1071 553 1124 595 ex-

88 629 225 699 cesserat,
245 630 275 683 et
294 641 314 682 a
336 629 457 698 quatuor
478 623 655 682 scholaribus
676 624 714 682 ad
735 622 945 682 verberandum
965 624 1125 698 tenebatur,

86 712 263 789 praeteriens
284 709 419 785 audisset,
443 710 555 769 scholas
577 710 696 769 anhelus
716 712 840 784 intravit,
862 717 891 769 et
911 712 985 770 sicut
1004 711 1050 770 leo
1072 727 1125 770 ac·

88 814 214 872 currens,
234 796 426 870 baculumque
448 803 548 856 contra
567 795 776 857 scholasticum
797 803 825 856 et
846 815 930 856 suum
951 798 1125 857 concanoni-

88 900 157 945 cum
181 884 266 943 nobis
294 883 456 962 videntibus
482 883 581 943 levans
592 880 624 962 ¹),
653 901 773 959 puerum
795 883 830 943 de
851 885 982 943 manibus
1004 887 1065 943 eius
1086 884 1123 941 li·

89 972 211 1031 beravit
253 969 330 1046 Quid
351 972 421 1046 agis,
441 971 540 1045 inquit,
561 970 703 1046 tyranne?
731 971 846 1029 Positus
867 987 907 1045 es,
928 977 961 1029 ut
981 969 1125 1030 scholares

88 1057 210 1132 doceas,
235 1074 295 1116 non
315 1061 348 1114 ut
369 1058 492 1116 occidas.
533 1056 582 1115 Ad
604 1057 682 1132 quod
702 1057 823 1116 verbum
843 1056 890 1114 ille
913 1057 1047 1116 confusus
1069 1057 1124 1116 ob-

87 1146 202 1203 mutuit
244 1143 376 1219 Quantae
392 1144 477 1202 fuerit
497 1146 660 1218 patientiae,
681 1143 765 1202 lectio
788 1140 938 1223 sequens²)
961 1143 1125 1203 declarabit

87 1230 147 1290 Die
169 1229 294 1306 quadarn
315 1229 433 1289 sedente
455 1247 489 1289 eo
502 1229 669 1288 ‘secundum
690 1229 924 1291 consuetudinem
944 1232 972 1288 in
995 1231 1125 1306 ecclesia,

88 1318 166 1377 sicut
192 1324 262 1393 puto
289 1319 362 1376 inter
389 1333 496 1391 nonam
518 1323 547 1376 et
567 1334 733 1392 vesperam,
754 1316 877 1377 Scothus
899 1317 1016 1392 quidam
1036 1317 1125 1377 homo

88 1403 259 1464 mmerabilis
280 1409 309 1462 et
328 1404 489 1478 frequenter
510 1404 619 1477 ebrius,
634 1405 859 1479 presbyteriique
880 1404 989 1464 bonore
1009 1421 1125 1480 prorsus

88 1489 238 1567 indignus,
264 1489 302 1548 ad
332 1490 424 1549 solum
445 1490 523 1549 solus
544 1493 680 1565 accessit,
709 1497 738 1549 et
760 1492 873 1566 caputio
894 1491 974 1550 illurn
995 1491 1125 1565 trahens,

89 1582 218 1637 extracto
247 1576 360 1636 cultello
388 1579 512 1635 minatus
534 1583 576 1635 est
598 1579 624 1636 ei
646 1577 757 1636 dicensz
786 1576 817 1635 Si
844 1594 902 1636 non
924 1577 1035 1637 dederis
1055 1578 1125 1636 mihi

88 1662 207 1739 aliquid,
227 1662 314 1723 modo
336 1663 466 1724 occidam
487 1660 552 1743 ιε’).
593 1663 673 1721 Nutu
687 1664 743 1722 Dei
764 1666 919 1723 canonicus
940 1664 1057 1739 quidam
1077 1667 1125 1722 iu-

88 1752 172 1810 venis
198 1755 227 1810 et
253 1749 333 1809 fortis
360 1752 578 1826 superveniens,
612 1749 750 1809 Scothum
780 1750 849 1809 dure
880 1753 949 1809 satis
977 1752 1125 1810 abstraxit.

89 1834 186 1913 Quem
206 1853 274 1897 cnm
295 1836 414 1897 caedere
435 1836 536 1911 vellet,
557 1843 705 1911 morteque
728 1837 844 1912 dignum
865 1836 1017 1911 iudicaret,
1043 1854 1125 1896 com-

88 1925 202 1999 pescuit
229 1940 296 1983 eum
323 1926 367 1984 vir
393 1925 557 1982 mitissimus
586 1924 697 1982 dicens:
718 1923 763 1982 Ne
783 1923 920 1997 turberis,
940 1923 1036 1999 irater,
1056 1923 1124 1983 vide

88 2026 128 2071 no
148 2008 248 2069 laedas
264 2028 339 2085 eum,
359 2013 389 2068 in
409 2012 473 2069 ioco
496 2013 571 2070 enirn
591 2010 743 2069 fecithoc.
785 2009 897 2068 Nemini
917 2009 1039 2069 reddidit
1059 2028 1125 2070 ma-

89 2095 152 2157 lum
177 2113 229 2173 pro
250 2097 335 2172 malo,
363 2099 431 2173 quia
457 2098 623 2172 simplicitas
650 2097 813 2157 columbina
840 2097 979 2173 regnabat
1006 2098 1035 2155 in
1067 2097 1126 2156 illo.

88 2182 129 2243 Iit
149 2199 216 2243 cum
237 2190 321 2259 esset,
342 2190 374 2241 ut
395 2201 483 2259 saepe
505 2184 610 2243 dictum
633 2190 690 2258 est,
717 2185 806 2242 mirae
827 2183 1045 2259 misericordiae,
1066 2183 1125 2242 ier-

89 2270 179 2329 vebat
204 2276 300 2329 tamen
328 2267 419 2350 zelo⁴)
447 2273 579 2330 iustitiae.
621 2271 763 2347 Tempore
785 2271 911 2345 quodam
933 2271 1050 2330 obviam
1070 2270 1125 2329 ba·

88 2356 154 2416 buit
172 2355 359 2416 Abbatissam
379 2364 543 2416 sanctarum
565 2359 706 2433 virginum
726 2357 859 2417 undecim
879 2357 1006 2417 millium.
1033 2358 1125 2416 Prae-

89 2443 232 2503 cadebunt
258 2441 364 2523 illam⁵)
387 2443 480 2503 clerici
501 2443 643 2503 mantellis
672 2446 771 2520 griseis
808 2444 973 2504 monialium
1002 2446 1125 2503 circum-

88 2532 200 2605 amicti,
228 2524 421 2605 sequebantur
443 2531 609 2590 domicellae
631 2537 659 2590 et
679 2531 874 2606 pedissequae,
905 2532 1057 2590 verborum
1077 2532 1124 2588 in-

87 2616 201 2676 utilium
211 2634 307 2677 aerem
319 2617 461 2693 replentes
473 2619 591 2692 strepitu
598 2613 630 2697 6).
658 2618 809 2676 Decanum
819 2634 888 2677 vero
909 2620 1008 2693 inopes
1018 2634 1125 2692 seque-

90 2703 203 2778 bantur,
225 2704 437 2780 eleemosynam
463 2704 500 2762 ab
523 2704 571 2762 illo
593 2703 778 2779 postulantes.
820 2703 968 2763 Ascensus
990 2721 1059 2763 vero
1080 2705 1126 2763 vir

48 2792 53 2803 '
88 2792 181 2849 iustus
200 2790 262 2850 zelo
277 2791 450 2866 disciplinae,
473 2793 581 2849 cunctis
598 2790 779 2849 audientibus
793 2789 959 2850 exclamvit:
982 2788 1007 2849 0
1031 2790 1124 2848 domi-

87 2876 303 2951 naAbbatissa,
324 2880 415 2954 magis
427 2878 540 2937 deceret
549 2883 674 2937 vestram
684 2878 899 2953 professionem,
919 2876 983 2952 plus
997 2883 1123 2936 vestram

88 2963 237 3024 decoraret
257 2965 434 3041 religionem,
462 2971 495 3023 ut
515 2981 577 3038 vos,
598 2967 672 3023 sicut
692 2981 747 3038 me,
769 2970 954 3039 sequerentur
973 2980 1124 3040 pauperes,

88 3066 146 3110 non
167 3050 326 3110 histriones.
368 3053 407 3110 Et
432 3052 544 3110 erubuit
565 3050 614 3110 illa
634 3051 727 3126 valde,
748 3051 818 3109 nihil
838 3067 1022 3126 praesumens
1042 3057 1124 3111 tanto

87 3139 151 3198 viro
184 3139 365 3216 respondere.
415 3139 525 3198 Tantus
558 3140 585 3197 ei
615 3140 706 3197 inerat
737 3154 818 3196 amor
848 3140 985 3212 iustitiae,
1013 3144 1046 3197 nt
1077 3137 1124 3198 die

87 3224 215 3301 quadam
250 3242 316 3284 cum
357 3227 454 3285 nescio
497 3226 560 3301 quis
602 3226 665 3300 ipso
707 3224 840 3284 audiente
880 3223 1044 3300 loqueretur
1087 3223 1123 3285 de

87 3311 165 3372 mala
206 3313 268 3372 vita
316 3311 497 3387 clericorum,
538 3314 621 3387 quasi
660 3328 695 3371 ex
734 3312 857 3386 abrupto
901 3308 1123 3391 responderet²):

87 3396 185 3460 Unum
211 3404 257 3458 est
283 3398 404 3474 qualiter
434 3401 542 3458 vivant.
583 3397 629 3458 Ac
657 3401 680 3458 si
702 3397 826 3458 diceret:
854 3397 902 3457 De
929 3398 1024 3458 radice
1045 3397 1123 3458 malo

104 3601 138 3670 1)
154 3600 176 3655 G
191 3602 308 3654 levans
325 3600 421 3653 nobis
438 3599 636 3656 videntibus.
654 3631 688 3640 -
710 3601 743 3669 2)
760 3599 780 3653 B
798 3616 941 3669 sequens
958 3599 1068 3652 lectio.
1082 3564 1120 3642 Ι--

157 3672 174 3724 3
207 3670 527 3725 coronandam·
552 3669 738 3737 quantis
761 3670 944 3738 zelo-5)
968 3669 1119 3723 Bilit-

156 3741 175 3793 6
207 3740 249 3793 ΑΡ
267 3742 411 3809 strepitu
428 3755 536 3792 aerem
554 3740 737 3810 replentes,
750 3740 796 3797 ab
812 3755 924 3794 aetem
942 3738 1135 3805 replentes,

152 3838 184 3849 -
204 3809 295 3879 vim
310 3809 464 3881 loquenti
481 3812 717 3882 responderat.
