2460 4162
94 217 135 278 92
394 215 620 278 DIS'IINOTIO
639 215 823 279 SECUNDA

425 372 657 434 CAPI'I'ULUM
674 373 793 433 XXIII.
907 368 911 377 ’

111 514 160 573 De
180 513 291 586 clemco,
314 515 366 589 qui
380 514 516 589 pucdtcm
535 513 689 572 Judaeum
709 517 916 589 stupraverat:
937 528 1027 587 ortem
1047 528 1118 573 meu
1171 464 1175 471 Ι

178 600 291 660 sudat
312 617 451 660 comeare
471 600 768 746 vegsstmmffgm
787 602 851 659 tom
870 601 1039 673 contuens,

158 825 193 884 In
229 826 343 885 deitate
372 824 496 901 quadam
524 822 647 900 Angliae
672 823 769 901 puella
797 821 939 900 quaedam
966 820 1130 901 narravit,

94 910 200 972 Judaei
221 912 370 972 cuiusdam
390 912 457 988 filie,
480 918 508 971 et
528 910 686 970 secundum
707 928 798 987 genus
817 927 902 970 suum
919 910 987 969 satis
1008 910 1131 985 specio·

94 1014 137 1058 sa.
179 998 264 1059 Hanc
284 1000 395 1059 iuvenis
418 999 534 1075 quidam
555 997 681 1074 clericus,
701 997 837 1074 Episcopi
857 995 985 1057 eiusdem
1002 996 1131 1057 ouans

95 1091 242 1163 cognatus,
264 1092 294 1145 et
315 1086 451 1146 ecclesiae
472 1087 587 1144 maioris
610 1087 772 1159 canonicus,
792 1090 825 1142 ut
845 1082 932 1158 vidit,
953 1083 1132 1159 concupii-It,

96 1179 126 1232 et
146 1174 241 1232 verbis
262 1175 405 1232 amatoriIs
426 1172 465 1232 ad
494 1189 664 1231 consensum
691 1188 762 1231 suae
789 1171 912 1230 libidinis
941 1186 1006 1229 cum
1033 1168 1130 1229 multo

95 1259 194 1319 labore
214 1259 368 1319 inclinavit.
409 1259 459 1318 Ad
481 1261 561 1318 cuius
583 1257 732 1332 amplexus
754 1256 822 1316 dum
843 1258 995 1332 aspuaret,
1023 1261 1055 1315 et
1079 1254 1132 1314 ni-

95 1347 159 1404 miis
180 1345 316 1405 incendiis
338 1352 481 1419 aestuans,
503 1362 568 1404 eam
589 1344 714 1420 quotidie
736 1344 774 1403 ad
795 1345 1024 1404 commixtionem
1045 1340 1132 1401 soili-

96 1433 205 1507 citaret,
225 1433 371 1508 respondit
390 1432 451 1492 illa:
472 1431 552 1491 Patri
572 1448 637 1491 meo
658 1431 780 1490 multum
800 1447 865 1489 sum
886 1429 1005 1504 dilecta,
1026 1429 1078 1504 qui
1097 1429 1132 1489 in

96 1525 207 1579 tantum
229 1519 353 1578 custodit
372 1536 434 1593 me,
463 1523 496 1576 ut
516 1534 609 1592 neque
632 1535 686 1595 ego
714 1517 752 1577 ad
780 1523 824 1591 te,
852 1533 946 1591 neque
973 1521 1007 1574 tu
1031 1514 1132 1590 possis

96 1607 193 1666 venire
215 1605 253 1665 ad
272 1623 328 1680 me,
348 1607 403 1665 nisi
422 1609 453 1664 in
465 1611 550 1664 nocte
560 1611 658 1664 sextae
673 1604 768 1680 feriae,
790 1620 864 1679 quae
874 1601 989 1663 Pascha
997 1607 1133 1661 vestrum

96 1692 249 1768 praecedit
291 1693 373 1753 'Iunc
394 1695 469 1753 enim
490 1691 596 1752 Judaei
616 1691 747 1751 laborare
773 1689 904 1750 dicuntur
933 1686 1059 1764 quadam
1079 1689 1132 1747 in-

96 1779 237 1854 firmitate,
259 1796 333 1855 quae
353 1779 447 1838 fluxus
468 1779 614 1855 sanguinis
635 1779 754 1853 dicitur,
775 1779 851 1837 circa
872 1793 958 1851 quam
979 1772 1132 1851 occupati,

97 1865 159 1927 aliis
179 1873 247 1925 tunc
268 1868 362 1926 minus
382 1866 527 1926 intendere
547 1871 676 1941 possunt
717 1863 840 1924 Juvenis
860 1862 933 1922 haec
949 1860 1078 1936 audiens,
1098 1864 1132 1922 et

97 1952 135 2012 ob
158 1955 262 2012 amoris
282 1954 458 2012 nimietatem
477 1968 552 2028 pene
572 1954 681 2011 ratione
703 1967 804 2011 cerem
815 1946 841 2029 ¹),
862 1949 967 2009 oblitus
987 1946 1132 2009 chosm-

98 2056 153 2099 nae
164 2038 325 2116 'religionis
344 2041 493 2099 immemor
513 2038 681 2097 Dominicae
697 2037 851 2112 Passionis,
870 2042 955 2095 nocte
976 2031 1133 2095 eademsd

98 2126 238 2202 virginem
258 2127 352 2201 venIt,
380 2132 409 2185 et
435 2141 527 2200 usque
553 2124 591 2184 ad
616 2127 788 2184 matutinum
815 2140 881 2183 cum
908 2122 959 2182 illa
986 2121 1133 2183 dormivit

97 2210 228 2272 Judaeus
249 2229 318 2272 vero
338 2217 422 2287 pater
440 2210 553 2287 puellae
575 2217 641 2271 ante
662 2210 757 2271 lucem
784 2227 851 2270 cum
877 2208 985 2268 lumine
1005 2207 1133 2268 'cubicu-

98 2297 159 2359 lum
179 2301 300 2374 intrans,
331 2301 410 2359 venit
437 2298 475 2358 ad
500 2297 606 2357 lectum
626 2297 716 2372 filiae,
744 2295 844 2356 volens
864 2295 961 2356 videre
983 2292 1132 2370 quomodo

98 2387 218 2460 iaceret,
239 2385 294 2446 ‘vel
322 2387 347 2445 si
377 2384 449 2445 forte
470 2385 573 2461 operiri
593 2401 710 2444 necesse
731 2383 858 2443 haberet
900 2382 1070 2457 Vidensquc
1090 2378 1133 2441 ed

97 2471 173 2532 latus
195 2474 255 2532 eius
275 2475 333 2532 iam
355 2473 463 2533 dictum
482 2474 616 2531 iuvenem
644 2471 811 2545 cubantem,
842 2471 959 2546 expavit
984 2474 1015 2528 et
1038 2467 1133 2529 infrc-
1163 2516 1167 2523 .

97 2561 183 2635 muit,
214 2565 368 2636 utrumque
397 2558 525 2619 occidere
547 2560 684 2635 cogitans.
728 2557 911 2634 cognoscens
931 2562 1029 2615 tamen
1049 2552 1133 2630 qnod

99 2652 175 2706 esset
196 2653 334 2724 cognatus
344 2646 487 2723 Episcopi,
508 2647 608 2704 timore
628 2644 704 2703 illius
724 2661 841 2704 manum
863 2643 998 2717 cohibuit,
1018 2646 1132 2701 etcum

97 2731 190 2793 multa
216 2735 259 2794 ira
287 2734 472 2795 exclamavit:
515 2730 591 2809 Quid
617 2732 688 2790 facis
714 2730 776 2806 hic,
805 2748 823 2790 o
852 2729 927 2789 male
949 2725 1133 2789 Christane‘?

97 2816 156 2880 Ubi
178 2826 222 2879 est
241 2820 313 2881 fides
333 2828 393 2897 tua,
414 2821 465 2881 ubi
486 2825 529 2880 est
549 2818 647 2895 religio
668 2816 741 2878 tua?
776 2817 909 2878 Traditus
931 2833 961 2876 es
981 2817 1057 2874 iusto
1070 2813 1133 2875 Dei

97 2906 202 2967 iudicio
228 2909 258 2966 in
285 2925 387 2967 manus
416 2924 504 2967 meas.
552 2905 583 2966 Si
610 2923 669 2964 non
696 2907 825 2964 timerem
857 2902 1002 2962 dominnm
1030 2917 1132 2961 meum

98 2992 292 3069 Episcopum,
323 2988 410 3054 modo
432 2993 592 3053 occiderem
612 2998 649 3051 te.
690 2991 866 3051 Illetimens
888 2990 1052 3050 streniam
1072 3003 1131 3064 po-

98 3078 223 3155 stulans,
251 3098 317 3141 eum
344 3081 469 3140 maxima
497 3080 661 3140 confusione
690 3081 797 3138 eiectus
825 3083 878 3138 est.
926 3076 984 3135 Die
1012 3073 1131 3149 eadem,

99 3182 165 3228 eum
185 3166 346 3243 Episcopus
366 3166 502 3227 sollemne
524 3165 649 3226 officium
670 3165 708 3224 ad
732 3182 838 3224 nonam
865 3169 941 3224 esset
967 3160 1132 3222 celebratu-

98 3270 155 3328 rus,
177 3259 206 3313 et
226 3255 337 3314 iuvenis
356 3253 448 3329 idem,
468 3259 570 3329 utpote
590 3252 845 3325 hebdomadarius,
866 3248 1015 3326 epistolam
1034 3247 1131 3307 lectu-

98 3357 156 3415 rus,
177 3342 271 3399 timuit
292 3358 357 3401 eum
378 3347 437 3400 tam
458 3339 605 3399 immunda
626 3341 798 3399 conscientIa
818 3337 856 3398 ad
877 3354 990 3397 sacrum
999 3336 1131 3395 miuiste-

98 3427 171 3486 rium
193 3426 345 3502 accedere,
376 3429 470 3487 timuit
494 3432 611 3502 propter
638 3431 737 3486 notam
764 3425 844 3485 alteri
864 3426 958 3483 vicem
968 3420 990 3503 ²)
1012 3421 1058 3481 die
1078 3422 1131 3482 tali

99 3516 282 3588 committere,
303 3515 397 3573 timuit
417 3520 478 3572 tam
498 3519 580 3587 turpe
601 3519 753 3588 peccatum
774 3519 834 3571 tam
847 3516 975 3570 recenter
991 3527 1043 3585 per
1057 3525 1131 3568 con-

98 3601 251 3662 fessionem
271 3599 358 3661 alicui
378 3602 497 3677 aperire.
538 3599 664 3660 Etcum
692 3601 785 3658 victus
814 3598 1010 3658 embescentia
1040 3598 1131 3657 sacris

118 3786 148 3857 1)
166 3787 188 3841 D
205 3793 339 3841 careret.
358 3815 388 3827 ·-
408 3785 440 3855 2)
457 3783 499 3840 BG
516 3785 618 3839 vicem
641 3799 734 3837 suam.
