2460 4162
98 236 160 296 160
417 231 644 296 DISTINOTIO
664 230 814 295 TERTIA

457 389 689 452 CAPITULUM
708 391 776 450 XL.

96 510 145 569 De
165 510 314 569 sacerdote
336 529 450 585 auaro,
472 517 525 588 qai
545 511 660 572 cunas
680 511 735 570 cibi
756 479 976 587 mnritcndbus,
998 513 1054 570 caci
1069 526 1125 588 pro

161 600 381 671 incontinentia,
403 600 489 658 olari
504 618 565 676 pro
587 602 774 671 scaturentia,
796 597 919 656 midam
938 599 1072 657 hamati

506 689 725 762 poenitentiam.

161 802 252 864 Juxta
280 805 443 881 Susaciam,
471 824 546 882 quae
575 814 619 866 est
645 809 744 866 civitas
775 804 924 864 Dioecesis
945 803 1132 881 coloniensis,

96 891 229 950 sacerdos
251 892 368 966 quidam
388 894 554 969 parochiam
574 896 655 970 regit,
676 892 894 968 Hegennairdus
916 894 1040 966 nomine,
1062 895 1140 952 satis

96 977 211 1052 quidem
238 980 268 1036 in
298 979 445 1039 literatura
473 983 658 1055 exercitatus,
686 970 738 1039 sed
765 980 909 1038 modicum
936 981 1090 1038 timoratus
1104 975 1132 1059 ι).

94 1063 145 1123 Ad
164 1065 241 1124 hunc
262 1066 378 1140 quidam
400 1083 436 1125 cx
456 1068 635 1142 parochianis
657 1068 716 1124 suis
736 1069 817 1125 venit
843 1072 970 1140 tempore
993 1064 1133 1141 Quadra·

95 1153 236 1226 gesimae,
264 1154 337 1212 inter
368 1160 462 1212 cetera
495 1153 632 1213 confitens
654 1153 731 1227 quod
752 1169 804 1228 per
824 1152 886 1211 illos
898 1149 920 1232 ²)
941 1168 1041 1211 sacros
1070 1151 1135 1215 dier

94 1237 174 1297 irena
194 1237 321 1297 laxasset
346 1241 574 1299 incontinentiae.
618 1238 711 1314 Quem
739 1256 805 1298 cum
834 1237 922 1297 dure*
936 1242 1006 1297 satis
1039 1241 1135 1298 corri-

96 1327 205 1399 puisset
226 1325 496 1404 sacerdondiesns,
516 1344 630 1385 sacrum
650 1324 720 1383 illud
740 1331 854 1400 tempus
875 1324 1045 1399 deputatum
1067 1342 1134 1386 esse

96 1412 278 1484 orationibus,
298 1414 416 1486 ieiuniis,
438 1415 627 1471 continentiae
640 1409 660 1491 ³)
683 1415 840 1487 ceterisque
862 1412 994 1487 operibus
1015 1413 1134 1473 miseri-

96 1497 218 1572 cordiae,
239 1498 354 1558 adiecit:
375 1498 497 1575 Iniungo
519 1500 571 1557 tibi
591 1516 642 1574 pro
657 1498 849 1558 satisfactione
861 1497 1079 1574 huinspeccati,
1099 1505 1135 1559 ut

98 1582 148 1644 des
170 1584 239 1642 mihi
260 1585 360 1645 decem
382 1592 411 1645 et
432 1592 496 1645 octo
519 1585 650 1644 denarios
663 1585 716 1663 ,ad
743 1578 863 1643 totidem
889 1587 991 1644 missas
1008 1584 1133 1647 ¹decan-

96 1670 198 1730 tandas
220 1671 257 1730 ad
279 1672 442 1732 diluendum
452 1669 474 1752 l⁴)
498 1673 611 1748 eulpam
631 1673 850 1742 incontinentiae
871 1677 948 1730 tuae.
990 1670 1043 1730 lue
1060 1689 1133 1733 vero

96 1757 165 1817 dare
194 1759 346 1835 spopondit
358 1757 388 1838 ⁵).
432 1759 495 1835 Quo
524 1758 689 1833 recedente,
723 1763 751 1816 et
783 1756 839 1816 alio
859 1757 900 1816 ad
922 1757 1134 1818 confessionem

96 1843 259 1920 accedente,
281 1846 350 1904 dum
371 1863 437 1905 eum
459 1846 494 1904 dc
516 1852 594 1905 statu
614 1863 667 1905 suo
689 1847 898 1920 interrogasset,
920 1842 977 1924 οῖ’)
1000 1847 1134 1921 quiapcr

96 1937 187 1991 totam
198 1932 452 2008 Quadragcsimam
473 1935 619 1991 continens
630 1937 705 1990 esset
714 1931 898 1991 intellexisset
906 1924 936 2009 ⁷),
957 1933 1011 1989 ait:
1034 1931 1133 1993 Valde

96 2017 292 2092 malefecisti,
314 2025 441 2094 tempore
463 2025 541 2078 tanto
564 2020 601 2078 ab
624 2035 712 2077 uxore
733 2024 833 2076 tuate
856 2017 1023 2077 cohibendo.
1053 2017 1132 2079 Pto-

95 2103 152 2164 lem
171 2103 222 2171 illa
242 2103 380 2184 poterat⁸l
403 2105 439 2164 de
460 2111 489 2164 te
512 2107 683 2180 concepisse,
705 2122 793 2179 quam
813 2121 864 2180 per
886 2105 1132 2164 tuamcontinen-

96 2192 165 2249 tiam
187 2191 338 2250 exclusisti.
381 2190 507 2267 Territus
539 2191 641 2266 homo,
673 2192 746 2249 sicut
774 2208 837 2249 mos
866 2197 909 2250 est
936 2189 1132 2268 simplicibus,

5 2320 8 2327 .
96 2293 163 2336 cum
183 2278 220 2336 ab
244 2293 278 2336 co
301 2276 449 2336 eonsilium
471 2284 619 2352 quaereret
639 2295 690 2355 pro
702 2276 874 2352 talidelicto,
895 2277 1042 2352 respondit
1056 2295 1131 2337 con·

95 2364 199 2424 sessor:
221 2363 267 2425 Tu
287 2363 357 2422 mihi
379 2363 460 2423 dabis
482 2362 581 2423 decem
603 2370 631 2424 et
652 2370 717 2422 octo
740 2364 878 2439 denarios,
901 2370 929 2422 et
943 2381 996 2440 ego
1008 2363 1132 2425 totidem

95 2451 190 2510 missis
210 2449 306 2509 Deum
327 2467 379 2524 pro
401 2457 429 2510 te
451 2450 581 2525 placabo.
616 2451 661 2529 ‚Et
681 2445 770 2529 ipse⁹)
792 2452 928 2525 promisit,
950 2449 1027 2526 quod
1049 2458 1130 2511 certo

96 2543 223 2611 tempore
246 2536 326 2596 daret
347 2539 373 2595 ei
389 2534 417 2617 ¹⁰)
446 2538 605 2613 pecuniam.
647 2537 719 2596 Post
746 2554 855 2611 paucos
887 2536 946 2597 dies
978 2543 1049 2595 nutu
1072 2537 1131 2598 Dei

96 2625 227 2701 contigit,
260 2631 292 2683 ut
319 2624 359 2682 illi
387 2623 443 2684 duo
465 2624 594 2683 homines
616 2623 699 2682 simul
721 2640 787 2682 cum
808 2625 899 2682 saccis
921 2623 1038 2700 singulis
1059 2641 1131 2699 per·

94 2717 195 2788 gerent
216 2711 254 2771 ad
274 2712 380 2787 sorum,
416 2719 445 2772 et
473 2728 574 2770 saccus
605 2713 670 2786 equi
697 2712 781 2769 unius
803 2711 840 2769 ob
863 2709 1040 2785 dispendium
1062 2712 1131 2775 vias

95 2797 210 2858 caderet
237 2801 266 2857 in
293 2797 393 2858 lutum.
435 2797 611 2858 Accurrente
640 2797 729 2856 altero
747 2794 774 2876 ¹¹)
802 2802 834 2854 ut
862 2799 971 2856 socium
1000 2798 1145 2872 iuvaret,'

94 2885 182 2944 iratus
203 2884 250 2944 ille
273 2884 421 2945 clamavit:
443 2885 583 2944 Diabolus
606 2891 764 2943 remuneret
785 2889 914 2942 nostrum
935 2881 1130 2959 sacerdotem,

94 2971 162 3046 quia
190 2978 305 3046 propter
339 2974 433 3047 ipsum
460 2972 537 3030 huuc
570 2970 659 3030 tolero
695 2969 830 3029 laborem.
879 2969 1046 3030 Sciscitante
1078 2970 1130 3030 illo

95 3073 226 3130 causam,
254 3057 413 3132 respondit:
445 3058 508 3134 Ego
531 3059 558 3116 ei
579 3058 724 3117 confossus
746 3075 810 3115 sum
831 3058 1130 3116 meamincontinen·

94 3144 176 3218 tiam,
206 3149 234 3202 et
265 3146 327 3219 ipse
355 3143 424 3202 milri
451 3144 614 3202 huiusmodi
635 3145 755 3202 iniunxit
773 3145 975 3218 poenitentiam
992 3139 1028 3222 ¹²),
1050 3142 1130 3205 unde

94 3247 170 3288 nune
191 3235 257 3289 ante
280 3236 392 3306 tenipus
414 3228 568 3306 corripellor
590 3248 732 3289 armonam
753 3248 848 3289 meam
868 3229 1001 3304 rendere,
1023 3238 1051 3288 et
1072 3244 1130 3306 pe*-

113 3379 143 3447 1)
161 3378 180 3432 C
198 3379 230 3431 ln
249 3379 450 3447 Episcopatu
469 3380 675 3443 Coloniensi,
693 3383 779 3432 sicut
805 3397 842 3431 ex
860 3380 1025 3432 cuiusdam
1044 3380 1130 3433 rela-

163 3452 252 3500 tione
279 3449 393 3515 didici,
429 3448 585 3502 sncrsrilos
612 3450 739 3518 quidam
767 3450 915 3502 manebat
941 3450 1130 3518 parochiam

162 3534 295 3587 regens,
321 3522 370 3571 vir
397 3520 478 3571 satis
505 3518 669 3571 literatus.
690 3550 720 3559 -
749 3520 781 3588 2)
799 3520 819 3572 B
838 3522 925 3572 inter
951 3520 1017 3571 hos.
1039 3549 1069 3558 -
1095 3520 1130 3588 3)

162 3589 390 3640 continentius
417 3606 457 3641 oni
482 3588 509 3641 C.
530 3618 559 3628 -
588 3589 657 3651 lic
679 3588 875 3640 diluendam.
902 3619 932 3628 -
960 3589 1029 3656 5)c
1053 3604 1129 3655 spo·

163 3657 278 3725 pendit
301 3657 385 3710 claro.
406 3687 436 3699 -
456 3659 488 3721 6)
505 3666 537 3711 ct
555 3675 594 3711 trin
615 3659 642 3711 li.
665 3688 693 3697 -
718 3659 749 3725 7)
767 3658 787 3711 G
805 3661 1022 3727 cognovisset.
1043 3688 1073 3697 -
1094 3659 1130 3727 8)

162 3727 331 3794 Cpoterat
357 3725 410 3779 illa
438 3726 566 3794 prolem.
646 3729 678 3797 o)
705 3728 774 3794 ipse
800 3743 841 3779 om
869 3729 896 3780 B.
917 3759 948 3769 —
979 3729 1025 3795 10)
1049 3726 1070 3780 G
1097 3730 1126 3780 ei

162 3795 261 3849 daret.
282 3827 312 3838 -
333 3797 501 3867 11)(11110.
522 3826 550 3837 ·-
576 3796 620 3865 11)
638 3796 657 3851 C
676 3798 912 3865 poenitentiam
929 3799 1082 3849 iniunxit.
