2460 4162
414 244 470 305 DE
492 243 755 307 ΤΕΝΤΑΤῙΟΝΕ.
1039 248 1102 308 239

65 367 122 444 qui
139 364 262 427 multum
276 365 424 426 caritative
445 366 503 425 illic
525 372 682 442 susceptus,
703 365 870 426 aedificatus
881 369 1007 433 recessit
1038 368 1103 429 Non
1155 404 1156 409 κ

65 452 160 514 multo
179 458 246 530 post
266 453 346 512 dives
368 452 485 528 quidam
505 455 536 512 in
556 453 682 513 Saxonis
703 456 812 513 amicus
838 455 899 513 eius
918 456 949 519 in
971 456 1103 514 extremis

66 556 175 618 agens,
211 558 277 600 cnm
304 545 507 600 aeramentum
535 557 620 598 suum
647 540 695 599 illo
721 546 872 615 praesente
899 540 1019 617 laceret,
1048 543 1103 601 ait:

66 626 184 688 Vellem
205 626 313 703 aliquid
324 623 341 706 ¹)
363 626 458 704 legare
480 643 533 702 pro
554 630 649 686 anima
670 644 744 701 mea,
765 630 790 685 si
803 629 905 686 scirem
925 630 953 685 in
968 645 1025 703 quo
1038 627 1103 688 loco

66 717 176 790 optime
205 720 281 773 osset
305 713 440 772 locatum.
490 712 543 771 Oui
569 713 616 773 ille
644 713 805 788 respondit:
834 713 925 773 Juxta
955 714 1104 774 Coloniam

66 800 225 862 claustrum
254 799 398 876 quoddam
428 805 472 858 est
498 798 583 858 valde
611 799 789 875 rehgiosum,
821 802 851 857 in
878 810 936 875 quo
965 804 1103 861 veraciter

65 893 137 947 sunt
156 886 285 946 homines
306 887 378 960 Dei,
410 891 439 945 et
467 888 496 944 in
524 885 732 962 hospitalitate,
763 903 811 944 me
831 893 920 962 toste,
948 889 1102 963 praecipui,

64 973 218 1049 Nusquam
238 975 365 1049 poteritis
387 972 598 1048 eleemosynam
631 979 756 1031 vestram
782 973 899 1047 melius,
933 980 962 1032 et
990 976 1103 1034 animae

66 1066 183 1120 rescae
203 1059 299 1120 locare
320 1059 434 1135 utilius,
456 1076 543 1134 quam
562 1061 592 1116 iu
614 1059 716 1118 eodem
737 1059 809 1119 loco.
852 1057 901 1117 Ad
923 1062 983 1118 eius
1006 1063 1103 1120 consi·

65 1146 140 1206 lium
160 1145 252 1222 Saxo,
284 1153 316 1205 ut
336 1152 406 1221 puto
440 1144 628 1222 quadraginta
656 1163 768 1205 marcas
789 1148 899 1221 argenti
918 1145 1041 1224 legavit,
1073 1154 1103 1206 et

65 1232 200 1293 decessit
241 1233 333 1292 Missa
354 1238 398 1291 est
418 1249 469 1306 per
497 1249 612 1291 servum
637 1235 759 1308 pecunia
781 1231 945 1307 Coloniam,
978 1239 1007 1293 et
1035 1235 1103 1309 quia
1189 1266 1192 1271 ,

65 1325 161 1379 status
181 1319 329 1379 Dioecesis
352 1318 526 1378 Coloniensis
547 1323 662 1395 propter
683 1319 826 1393 schisma,
848 1318 925 1393 quod
948 1325 1009 1379 erat
1028 1322 1102 1380 inter

65 1404 207 1467 ottonem
228 1411 257 1466 et
277 1405 441 1481 Philippum
463 1407 573 1482 Reges,
595 1406 687 1464 malus
708 1406 775 1480 fuit,
801 1408 953 1482 pecuniam
973 1407 1014 1465 ibi
1034 1406 1103 1466 reli·

65 1494 146 1570 qult,
176 1499 205 1553 et
225 1493 263 1552 ad
283 1492 393 1552 Lacum
414 1491 503 1569 pedes
524 1495 656 1566 veniens,
688 1491 799 1551 Abbati
818 1509 879 1551 rem
900 1510 951 1568 per
973 1493 1102 1553 ordinem
1167 1568 1172 1577 Ι
1219 1494 1222 1499 ’

65 1578 175 1639 rotulit
225 1579 281 1656 Qui
314 1583 402 1638 misso
439 1579 597 1653 cellera1io,
632 1582 784 1654 pecuniam
817 1578 923 1637 ibidem
938 1574 959 1659 ²)
987 1583 1102 1655 recepit

63 1665 158 1813 m
172 1665 242 1725 mihi
261 1666 352 1727 relata
372 1670 440 1724 sunt
461 1674 486 1724 a'
512 1666 638 1741 quodam
668 1666 802 1742 religioso
831 1682 969 1727 converso
997 1666 1102 1726 ordinis

391 1940 635 2002 'CAPITULUM
653 1940 781 2001 LXXII.

245 2081 293 2140 De
312 2081 482 2156 irritospitali
502 2047 678 2156 Praeposito
699 2083 779 2156 rripit
800 2081 918 2141 ordinis.
957 2064 959 2070 Α

135 2235 272 2297 Eiusdem
293 2236 397 2297 ordinis
420 2231 520 2317 cella·³)
543 2238 685 2312 quaedam
704 2239 734 2295 in
751 2237 926 2313 Episcopatu
939 2237 1101 2298 Coloniensi

64 2326 128 2385 site
148 2330 199 2399 est,
222 2342 308 2399 quam
329 2326 474 2384 nominare
496 2325 562 2384 nolo
584 2331 699 2400 propter
720 2330 842 2400 tempus,
864 2343 950 2400 quam
971 2325 1101 2400 Praepo-

64 2413 141 2471 situs
161 2417 221 2470 tam
241 2418 328 2471 teum
348 2413 429 2488 ragit,
450 2417 482 2469 ut
502 2413 645 2471 neminem
667 2419 768 2486 sponte
790 2429 842 2470 sua
862 2411 984 2486 hospitio
996 2430 1101 2471 secun·

65 2499 141 2558 dum
159 2497 288 2574 regulam
308 2499 452 2573 suscipiat,
467 2514 540 2557 cum
561 2506 657 2557 tamen
671 2501 741 2556 satis
752 2497 887 2557 abundet.
918 2492 1099 2576 Episcopus)

66 2600 155 2658 vcro,
187 2587 236 2659 qui
265 2591 294 2643 et
314 2584 472 2645 advocatus
495 2583 621 2644 ciusdem
643 2584 731 2644 cellae
753 2592 811 2659 est,
843 2587 935 2643 sciens
955 2585 1100 2643 hominem

65 2672 255 2748 pecuniosum
277 2688 340 2730 esse
362 2678 390 2730 et
410 2671 619 2747 inhospitalem,
640 2671 729 2730 semel
748 2671 796 2730 vel
817 2670 861 2730 bis
882 2673 912 2728 in
936 2688 1015 2741 anno,
1033 2688 1099 2731 cum

65 2756 197 2835 plurimis
225 2760 392 2833 equitaturis
421 2764 450 2816 et
477 2757 656 2817 multitudine
684 2758 804 2816 mihtum
831 2757 990 2832 hospitatur
1022 2757 1099 2832 apud

65 2846 172 2920 ipsum.
213 2843 249 2903 In
278 2861 399 2919 quorum
427 2847 588 2919 receptione
614 2851 726 2904 tantum
748 2844 880 2920 expendit
899 2845 1099 2919 Praepositus,

66 2935 208 3007 quandum
243 2931 372 2990 sufficere
406 2938 504 3006 posset
532 2931 570 2989 ad
596 2934 804 3007 susceptionem
837 2931 981 3006 hospitum
1012 2933 1100 2990 totius

65 3017 146 3077 anni.
186 3016 259 3076 Aliis
280 3035 348 3077 varo
370 3020 548 3077 monasteriis
569 3018 659 3077 multo
682 3019 829 3077 ditioribus
850 3018 926 3077 idem
939 3016 1099 3092 Episcopus

64 3104 168 3181 percit,
189 3110 219 3165 ct
231 3121 285 3163 sna
301 3103 425 3180 largitur,
446 3111 478 3162 ut
496 3104 647 3180 impleatur
667 3104 813 3180 praedicta
834 3106 974 3163 sententia
994 3103 1099 3164 Salva-

64 3190 153 3250 toris:
176 3189 265 3249 Omni
286 3190 404 3250 babenti
425 3190 558 3264 dabitur,
589 3199 616 3250 ct
638 3188 848 3269 oboadobtt⁵);
878 3195 904 3249 ei
925 3197 1026 3250 autem
1048 3194 1100 3266 qui

63 3292 131 3335 non
149 3275 244 3349 babet,
268 3280 356 3336 ctiam
372 3278 453 3354 quod
469 3277 555 3336 babet
577 3277 732 3354 auferetur
753 3277 790 3336 ab
813 3295 855 3336 eo.
897 3275 1098 3336 NOVICIUS:

63 3360 147 3423 Satis
166 3362 236 3423 mihi
267 3363 375 3423 dictim
394 3364 485 3423 fatcor
511 3371 571 3422 tam
599 3366 694 3423 verbis
723 3369 810 3439 quam
838 3363 973 3439 exemplis
1001 3370 1099 3423 contra

64 3450 232 3526 arantium,
254 3467 330 3509 nunc
351 3467 467 3526 precor,
496 3457 528 3508 ut
548 3451 625 3510 idern
645 3451 738 3510 tacere
760 3468 819 3510 non
839 3452 979 3528 pigriteris
1001 3452 1099 3509 contra
1137 3479 1140 3486 ·

80 3670 118 3741 1)
134 3668 332 3738 malique.
352 3700 385 3709 -
411 3671 445 3739 2)
462 3669 503 3722 Bc
520 3671 574 3722 ibi.
594 3700 626 3710 -·
645 3671 676 3736 3)
689 3637 772 3723 1οεΙΙιιιε
790 3669 940 3724 vocabulum
957 3686 1033 3738 saepe
1051 3686 1097 3738 pro

135 3741 194 3809 ipso
208 3741 361 3793 monasterio
383 3749 526 3808 usurpatur.
547 3771 576 3780 -
596 3742 630 3809 4)
647 3741 825 3807 Engclbertum
845 3740 963 3811 intelligit
981 3740 1096 3794 Gelenius

135 3807 169 3861 sd
185 3811 240 3863 cius
255 3809 307 3862 llil.
324 3827 349 3878 p.
370 3809 427 3863 tta.
447 3840 477 3850 -
498 3810 530 3878 5)
547 3818 578 3862 et
596 3810 774 3863 abundabit
791 3827 831 3863 orn
849 3810 879 3863 D.
