2460 4162
401 207 456 269 ns
483 204 748 268 smannens.
775 156 786 164 ’
1032 210 1093 267 241

57 335 161 395 bomo.
205 329 300 408 Quam
320 328 418 390 valida
446 336 475 388 et
502 331 664 405 importuna
685 330 722 387 sit
741 328 825 388 nobis
846 327 907 387 vitii
927 326 1010 387 huius
1032 334 1098 388 ten·

28 423 153 494 ·tatio,
182 408 353 494 quibusdam
378 418 526 476 recentiori
547 423 676 490 ternpore
696 417 785 490 gestis
805 415 932 490 pandam
953 416 1097 492 exemplis.

59 506 202 568 Ordinem
217 507 311 579 etiam,
331 507 513 578 inquantum
534 509 643 578 potero,
665 518 790 561 necnon
808 507 836 561 et
857 501 975 560 modum
995 520 1098 578 supra·

60 592 205 654 dictarum
223 593 429 665 tentationum,
450 588 534 648 Adae
556 590 664 649 scilicet
685 595 714 647 et
729 584 746 668 ¹)
768 588 847 648 Esau
869 595 898 647 et
917 589 1099 665 reliquomm,

60 682 115 757 qui
135 678 192 739 illic
214 679 371 738 enumerati
392 682 466 751 sunt,
488 693 602 735 servare
624 675 755 735 studebo.

383 864 616 926 CAPITULUM
637 865 780 925 LXXIV.

61 992 114 1053 De
135 989 275 1051 Conrado
296 989 435 1061 scholare,
458 990 510 1063 qui
525 993 651 1062 propter
672 1004 753 1045 atem
774 989 864 1046 anias
880 990 978 1063 poeni,
1001 1007 1098 1049 avon.

234 1074 238 1083 ’
347 1076 406 1134 eali
426 1077 473 1133 sui
494 1077 595 1150 pratia
611 1076 823 1163 prevaluerat.
939 1080 944 1101 t

24 1252 28 1259 -
130 1213 267 1274 Coloniae
287 1215 317 1272 in
335 1215 442 1273 maiore
465 1212 586 1272 ecelesia
606 1212 743 1270 Decanus
766 1211 882 1286 quidam
904 1218 966 1272 erat
986 1216 1101 1274 natione

61 1302 190 1376 suavus,
210 1303 255 1360 vir
270 1301 358 1375 dives,
378 1299 504 1376 pmdens
524 1305 552 1358 et
560 1296 580 1378 ²)
603 1298 748 1374 honestus,
769 1301 798 1356 in
822 1300 938 1358 consilio
958 1301 1102 1362 Frederici

62 1388 250 1465 Imperatoris
268 1389 337 1446 satis
358 1383 515 1461 acceptus’
545 1384 601 1443 Hic
624 1403 689 1443 cum
709 1387 739 1443 in
760 1389 886 1460 pomerio
908 1405 961 1446 suo
983 1405 1102 1463 pomum

61 1474 385 1550 novellamplantatam
403 1473 537 1546 baberet,
559 1478 588 1530 et
608 1474 665 1529 iam
686 1471 771 1530 flores
794 1475 854 1531 eius
875 1475 905 1530 in
926 1491 1012 1548 poma
1032 1492 1101 1550 pro·

62 1563 212 1635 iecissent,
240 1562 386 1636 praecepit
419 1561 496 1618 omni
531 1557 654 1617 familiae
688 1574 757 1617 suae
789 1559 843 1618 sub
875 1562 1102 1622 interminatione

63 1651 177 1727 gratiae
188 1665 258 1707 suae
266 1643 297 1726 ³),
318 1663 443 1705 necnon
459 1652 487 1704 et
499 1661 618 1720 poenae,
636 1662 672 1703 ne
687 1644 790 1719 aliquis
803 1645 919 1720 aliquod
937 1663 972 1705 ex
995 1648 1102 1708 eisdem

64 1737 171 1814 pomis,
192 1750 266 1810 quae
287 1750 381 1808 pauca
403 1738 497 1806 erant,
519 1737 585 1790 ante
607 1734 799 1789 maturitatem
822 1739 958 1807 carperet,
979 1735 1101 1809 probare

64 1821 169 1883 volens
180 1823 241 1881 eius
253 1822 400 1896 primitias.
444 1818 574 1893 Cumque
590 1835 688 1876 omnes
702 1824 887 1893 praeceptum
906 1819 981 1878 illius
1003 1829 1102 1880 custo·

64 1908 174 1983 diram,
195 1907 334 1967 scholaris
356 1904 472 1980 quidam
492 1907 607 1963 nomine
630 1904 793 1979 Comedus,
817 1913 955 1981 cognatus
978 1909 1052 1983 eius,
1073 1914 1102 1968 et

63 2012 122 2075 per
135 1997 229 2071 ipsum
250 1996 280 2052 in
302 1992 423 2052 ecclesia
438 1994 528 2051 sancti
550 1990 684 2050 Andreae
705 1994 735 2049 in
757 1994 926 2051 canonicum
945 2001 1104 2070 promotus,

64 2099 156 2161 poma
168 2081 269 2141 eadem
289 2079 389 2139 videns
413 2085 442 2137 et
455 2077 627 2152 desiderans,
649 2080 743 2153 patrui
763 2086 949 2155 praeceptum
966 2081 1103 2157 ,neglexit

64 2186 160 2229 unum
172 2174 292 2241 tanmm,
314 2172 436 2241 utputo,
459 2165 597 2240 depomis
619 2165 683 2222 tulit
705 2172 733 2224 et
755 2165 886 2224 comedit
930 2167 1014 2243 Quod
1037 2187 1102 2228 cum

65 2256 207 2317 Decanus
234 2247 456 2332 intellexisset⁴),
481 2257 562 2310 tanta
582 2253 625 2309 ira
646 2257 675 2309 et
696 2251 761 2311 odio
784 2255 888 2311 exarsit
907 2255 937 2311 in
956 2254 1044 2330 illum,
1072 2264 1105 2316 ut

66 2342 207 2404 dilectum
228 2343 354 2414 eliceret,
382 2356 435 2398 nec
457 2339 495 2397 ab
518 2338 613 2413 aliquo
636 2344 734 2412 posset
755 2339 865 2414 induci,
888 2347 921 2399 ut
942 2341 1057 2417 culpam
1078 2345 1104 2402 ei

65 2433 237 2507 ignosceret
279 2427 317 2485 Et
345 2443 431 2501 quem
459 2425 580 2483 multum
609 2426 784 2501 cogitaverat
812 2426 931 2486 diversis
959 2428 1105 2504 stipendiis

66 2516 170 2591 ditare,
189 2515 227 2575 ab
248 2514 296 2572 illo
310 2512 364 2587 die,
385 2515 415 2571 in
431 2519 570 2587 quantum
585 2514 685 2586 potuit,
709 2511 854 2587 depressit.
896 2513 961 2590 Ego
981 2515 1104 2574 eundem
1136 2505 1141 2511 ’

67 2602 234 2663 Gomadum
249 2601 323 2660 bene
344 2600 420 2674 novi,
442 2605 471 2657 et
490 2604 552 2657 erat
570 2604 669 2657 cantor
682 2600 827 2672 praefatae
840 2600 985 2659 eeclesiae.
1028 2601 1104 2660 Satis

67 2698 104 2751 ut
132 2688 214 2748 rides
234 2688 398 2746 tentationis
423 2688 504 2760 pueri
524 2684 608 2743 buius
630 2701 723 2759 poena
745 2686 899 2745 coneordat
926 2705 991 2746 cum
1011 2704 1105 2762 poena

67 2774 177 2837 Adam
218 2773 270 2833 Ille
297 2779 413 2849 propter
440 2789 557 2847 pomum
584 2774 691 2830 eiectus
713 2777 756 2830 est
778 2772 813 2831 do
841 2773 965 2847 paradisi
986 2773 1105 2850 deliciis3

68 2866 127 2925 iste
147 2860 184 2920 de
212 2861 296 2920 domo
319 2858 453 2918 avunculi
478 2861 522 2917 sni
542 2865 630 2933 atquo
653 2858 767 2916 divitiis.
808 2857 1009 2920 NOVICIUS:
1033 2861 1105 2921 Cum

68 2946 169 3011 Adam
197 2947 229 3005 in
255 2951 397 3023 potestate
425 2945 545 3005 haberet
572 2961 672 3003 omnes
693 2944 799 3004 fructus
820 2946 953 3021 paradisi,
974 2950 1076 3008 mirum
1084 2946 1104 3028 ⁵)

69 3033 153 3113 quod
171 3051 204 3094 se
225 3034 263 3093 ab
281 3051 340 3091 una
360 3032 463 3091 arbore
485 3033 629 3091 continere
650 3048 708 3090 non
729 3034 830 3106 potuit.
872 3031 1104 3096 MONACHUS:

69 3120 158 3183 Multi
175 3128 283 3180 temere
303 3118 399 3178 Adam
418 3111 572 3197 iudicant⁶)
596 3117 631 3177 de
649 3117 849 3193 inobedientia,
870 3123 948 3196 pomi
969 3122 1106 3183 vilitatem

69 3206 262 3282 attendentes,
284 3213 313 3265 et
329 3208 388 3265 vim
402 3206 565 3265 tentationis
578 3222 637 3264 non
651 3204 870 3281 considerantes,
892 3209 965 3267 sicut
978 3210 1106 3271 subiecto

70 3295 243 3375 probabitur
264 3292 404 3368 exemplo.

93 3566 126 3639 1)
142 3575 175 3618 st
196 3564 246 3617 add
263 3564 311 3618 BC.
332 3557 420 3635 -‘2)
446 3574 477 3617 et
499 3580 539 3616 orn
557 3564 591 3627 B3
616 3563 691 3632 paulo
713 3573 771 3632 post
788 3563 829 3617 BG
846 3573 878 3616 ct
901 3568 939 3617 in.
959 3597 989 3606 -
1014 3567 1045 3633 3)
1063 3568 1110 3631 Vl,

147 3636 193 3689 12:
211 3651 259 3705 ego
276 3636 403 3703 praccipio
421 3633 493 3686 vobis
516 3633 562 3685 sub
580 3637 780 3686 interminatione
793 3636 888 3702 gratiae
907 3652 986 3687 meae.
1003 3636 1045 3701 lX,
1063 3639 1110 3690 38:

146 3704 194 3757 sub
212 3706 413 3757 interminatione
430 3704 559 3756 oculorum
577 3712 684 3756 tuorum.
704 3734 734 3744 -
754 3705 786 3771 t)
802 3704 865 3756 snt
883 3705 1061 3758 intellexit.
1078 3735 1109 3746 —

147 3773 205 3844 5)0
218 3774 329 3841 sciron
343 3773 425 3826 morP
439 3772 572 3844 quodab
585 3773 1110 3844 unass.-a)bciudtcantadam.

803 3848 848 3922 11
