2438 4170
127 208 190 278 ceo
448 215 676 280 ursrmcmo
698 216 850 296 Qumun

125 342 276 400 nobiscum
288 341 318 399 in
329 337 475 401 cellarium
490 337 630 400 dimittere
644 342 793 401 cervisiam
803 340 971 422 conventui;
990 337 1043 399 illa
1055 333 1169 401 habens

127 444 177 487 eas
197 432 361 504 suspectas,
385 432 447 485 tum
467 433 583 502 propter
602 433 716 502 tempus
736 429 985 503 intempestivum,
1010 432 1080 486 tum
1098 443 1169 503 pro-

125 521 190 591 pter
208 515 331 573 fractum
352 511 502 587 silentium,
520 513 635 573 horrere
646 515 749 591 coepit,
770 516 946 589 operimento
961 519 1051 590 ceput
1071 512 1169 574 invol-

126 619 205 676 vens,
225 600 353 674 nihilque
373 599 556 675 respondens.
599 600 703 660 Statim
715 594 733 680 ¹)
752 619 827 660 unus
848 602 1000 677 spirituum
1021 599 1168 678 maligno-

49 690 53 707 '
97 690 104 703 ·
126 705 190 746 rum
210 690 327 763 propius
348 686 502 762 accedens,
532 693 699 746 cimanum
720 690 828 762 pectori
849 689 912 746 eius
932 689 1108 763 imponens,
1128 689 1170 747 ita

126 773 197 833 illud
219 768 400 849 compressit,
429 780 465 832 ut
490 775 607 850 sanguis
634 775 792 835 concitatus
819 791 871 850 per
892 790 926 834 os
948 766 1086 835 eineres
1107 776 1169 835 eins

127 861 243 938 largiter
263 860 399 921 efflueret.
441 859 547 935 Sicque
569 860 722 920 daemones
743 861 784 919 illi
803 861 912 921 formas
940 863 1062 921 caninas
1082 878 1168 922 assu

126 954 252 1022 mentes,
285 948 322 1007 de
348 947 472 1007 fenestra
500 947 671 1039 exsilierunt.
715 947 839 1009 Sorores
860 948 899 1008 ad
920 950 1081 1007 matutinas
1101 965 1168 1008 sur·

103 1042 243 1112 «gentes,
272 1051 338 1093 cum
365 1033 443 1092 illam
471 1035 501 1092 in
530 1034 642 1094 defectu
664 1041 825 1109 cernerent,
853 1039 955 1111 utpote
976 1034 1117 1110 pallidam
1138 1042 1169 1095 et

128 1139 318 1198 exsanguem,
349 1138 466 1181 causam
494 1138 547 1196 per
573 1123 656 1197 signa
677 1122 840 1182 sciscitatae
861 1127 936 1180 suut.
981 1121 1080 1198 Quam
1101 1138 1167 1182 cum

127 1225 164 1269 ex
185 1211 245 1269 eius
272 1208 409 1267 relatione
439 1209 653 1284 cognovissent,
684 1209 754 1268 satis
781 1210 914 1268 turbatae
943 1215 1012 1268 eunt
1041 1215 1104 1268 tam
1131 1208 1167 1269 dc

128 1294 300 1355 daemonum
321 1295 487 1354 crudehtate
508 1312 595 1370 quam
617 1295 653 1354 de
673 1296 789 1371 virginis
810 1297 973 1356 vexatione.
1016 1295 1166 1356 Antehac

127 1383 289 1456 biennium,
317 1399 383 1441 cum
404 1383 557 1441 conventui
577 1399 686 1442 novum
706 1382 814 1442 factum
833 1383 933 1442 ficisset
955 1382 1165 1457 dormitorium,

129 1475 159 1528 et
172 1469 244 1536 ⁴lecti
265 1471 295 1527 in
317 1486 351 1528 eo
375 1468 503 1544 dispositi
511 1465 543 1548 ²),
563 1468 634 1528 vidit
648 1468 749 1528 cadem
760 1469 983 1529 sanctimonialis
994 1469 1165 1530 daemonem

127 1558 157 1615 in
179 1557 274 1631 specie
295 1556 493 1615 homuncionis
515 1555 646 1616 deformis
667 1558 736 1614 satis
758 1562 788 1614 et
806 1558 966 1631 inveterati,
987 1573 1076 1617 omne
1097 1557 1165 1617 dor·

127 1645 270 1703 mitorium
292 1645 425 1718 circuire,
451 1650 481 1701 et
508 1642 599 1702 lectos
628 1643 755 1719 singulos
776 1650 909 1720 tangere,
937 1645 1023 1718 quasi
1044 1643 1164 1704 diceret:

127 1730 207 1790 Loca
227 1729 340 1806 singula
361 1729 510 1806 diligenter
530 1729 653 1804 notabo,
682 1732 749 1804 quia
776 1747 835 1791 non
856 1736 939 1789 erunt
959 1730 1074 1806 absque
1094 1732 1164 1791 visi·

127 1820 235 1877 tatione
262 1835 337 1876 mea.
392 1815 594 1877 NOVICIUS:
631 1815 707 1892 Quid
743 1824 787 1876 est
818 1816 895 1893 quod
927 1819 993 1892 pius
1021 1818 1165 1878 Dominus

128 1904 239 1981 puellas
260 1910 320 1962 tam
340 1910 454 1963 teneras
483 1910 512 1962 et
539 1909 600 1962 tam
627 1903 774 1979 mundas,¹
796 1921 815 1964 a
847 1903 925 1962 duris
954 1911 984 1964 et
1010 1905 1165 1964 immundis

129 1991 273 2066 spiritibus
294 1996 354 2050 tam
376 1989 527 2049 crudeliter
546 1992 645 2050 vexari
667 1989 753 2049 sinit?
795 1989 1034 2052 MONAOHUS:
1056 1991 1164 2052 Ammo

128 2077 233 2154 poculo
266 2084 299 2135 ut
326 2079 401 2136 nosti
427 2077 601 2153 praelibato,
634 2076 717 2136 dulce
744 2077 810 2152 plus
837 2077 989 2154 dulcescit3
1017 2084 1049 2138 ct
1070 2078 1164 2139 colore

129 2166 210 2240 nigro
232 2165 391 2238 substrato,
413 2164 497 2223 albus
518 2164 641 2239 amplius
663 2164 800 2223 clarescit
842 2163 922 2240 Lege
943 2165 1080 2225 Visiones
1101 2165 1165 2225 Wi-

129 2254 194 2325 tini,
224 2250 410 2325 Godesoaloi,
439 2258 468 2309 et
496 2250 632 2327 aliorum,
665 2252 769 2326 quibus
802 2268 971 2310 concessum
1000 2258 1046 2311 est
1070 2251 1166 2312 videre

129 2355 237 2413 poenas
267 2336 408 2396 malorum
444 2344 473 2396 et
500 2338 620 2413 gloriam
653 2336 822 2412 electorum,
854 2355 928 2414 pene
956 2339 1067 2414 ubique
1095 2340 1187 2398 visio·

129 2424 257 2500 poenalis
289 2423 441 2499 praecedit.
492 2423 602 2483 Valens
630 2423 771 2484 Dominus
799 2441 922 2500 sponsae
956 2443 1028 2485 suae
1055 2420 1168 2485 secreta

129 2511 294 2571 deliciarum
316 2526 432 2570 suarum
454 2510 610 2587 ostendere,
631 2512 706 2570 bene
728 2529 792 2571 eam
813 2514 891 2587 prius
912 2514 1042 2586 permisit
1062 2512 1167 2588 aliqui-

129 2600 185 2658 bus
219 2599 376 2658 visionibus
404 2597 551 2657 horrendis
565 2595 586 2678 ³)
615 2601 731 2673 tentari,
763 2605 796 2658 ut
827 2598 1013 2674 postmodum
1046 2600 1168 2675 amplius

128 2692 283 2746 moreretur
303 2684 465 2759 laetificari,
486 2687 627 2760 sciretque
650 2685 813 2746 distantiam
833 2688 906 2745 inter
927 2685 1012 2747 dulce
1035 2693 1064 2746 et
1084 2704 1167 2747 ama·

129 2791 199 2848 rum,
220 2773 314 2833 lucem
336 2778 366 2833 ct
385 2773 518 2832 tenebras
525 2768 558 2851 i).

474 2961 707 3022 CAPITULUM
727 2961 823 3022 XLV.

194 3087 241 3144 De
262 3083 499 3161 infestationibus
511 3083 666 3143 Elisabeth
686 3084 916 3143 sanctimonialis
939 3103 960 3142 a
975 3084 1103 3144 diabolo.

194 3223 229 3282 In
250 3223 352 3282 codem
373 3225 553 3296 monasterio,
576 3221 653 3296 quod
674 3216 826 3301 Hovenc⁵)
848 3228 988 3296 vocatur,
1009 3224 1168 3283 sanctimo-

129 3309 210 3370 nialis
233 3309 375 3385 quaedam
398 3316 441 3369 est
461 3309 612 3370 Ehnabeih
639 3311 769 3383 nomina,
802 3326 889 3383 quam
915 3326 1004 3384 saepe
1034 3309 1169 3371 diabolus

128 3398 250 3456 infestat.
292 3397 348 3456 Die
378 3397 503 3471 quadam
530 3399 560 3454 in
589 3396 752 3455 dormitorio
784 3394 864 3453 illum
895 3395 1013 3470 videns,
1042 3403 1071 3455 ct
1101 3398 1168 3472 quia

127 3488 188 3561 ipse
211 3490 286 3544 esset
305 3501 363 3542 non
384 3486 527 3560 ignorans,
548 3482 682 3559 alapham
703 3483 743 3541 illi
765 3482 851 3542 dedit.
895 3482 949 3541 Cui
965 3501 1032 3542 cum
1044 3483 1166 3543 diceret:

147 3655 177 3720 1)
195 3653 215 3705 Ο
233 3655 420 3720 statimque.
443 3681 476 3690 -
493 3652 525 3718 2)
537 3652 601 3704 ADP
619 3652 704 3703 lecta
723 3682 754 3690 -
779 3650 949 3717 deposita,
973 3659 1000 3702 ct
1017 3651 1055 3703 sic
1078 3660 1167 3719 postca

197 3722 283 3774 lecte
302 3721 439 3791 singula.
458 3751 490 3760 -
509 3723 540 3790 3)
559 3722 600 3775 BC
617 3719 789 3773 horrendis
807 3718 1002 3773 visionibus.
1019 3751 1052 3760 -
1072 3722 1105 3793 4)
1123 3720 1167 3774 ΑΙ)

197 3792 350 3844 tenebras
369 3799 399 3844 ct
416 3790 526 3843 lucem.
545 3822 577 3831 -
597 3792 628 3860 5]
647 3791 735 3844 lloven
753 3805 833 3857 prope
851 3789 991 3859 Tulpetum.

405 4084 437 4119 Χ
