2438 4170
102 258 164 317 aaa
415 255 642 318 ursnmenro
664 256 816 334 oumm

100 379 141 437 ibi
161 374 287 458 aliqua1)
309 377 461 437 simulatio.
503 377 738 440 MONAGHUS:
761 378 905 440 Obsessos
925 374 1094 459 fuisso,saepe

99 464 195 540 prodit
205 465 402 542 Evangelium,
423 465 547 541 produnt
561 473 589 525 et
608 465 700 526 Actus
714 466 928 544 Apostolorum,
949 470 1010 528 etirr
1026 466 1094 526 nullis

100 551 170 611 loeis
191 553 277 612 Vitae
307 551 355 611 vel
375 552 529 612 Passiones
550 552 729 612 Sanctorum.
780 553 866 630 Quod
894 560 988 615 autem
1010 553 1092 630 quim

99 645 215 714 propter
244 646 394 714 quaestum
423 657 454 698 se
483 640 617 699 obsessos
648 638 781 700 simulent
790 637 827 721 ²),
859 658 917 700 non
938 658 1017 718 neg03
1039 637 1091 715 qnod

99 728 209 785 veroin
223 726 395 800 quibusdam
406 726 485 785 nulla
499 729 536 786 sit
550 726 636 802 fietis,
658 728 786 787 subiecto
806 729 972 803 probabitur
990 725 1091 802 exemplo.
1124 724 1129 737 “

446 881 678 942 CAPITULUM
699 883 785 943 XIII.

148 1005 196 1062 De
217 1003 340 1076 obsesso,
366 1022 443 1080 quae
465 1005 539 1064 dau
560 1005 711 1108 diobolm
732 1007 859 1081 lipatum
881 1004 973 1066 trabea
990 1003 1062 1066 nabit

547 1109 677 1151 euaonm

161 1213 270 1272 Retulit
301 1213 371 1271 mihi
395 1212 540 1272 Gerardus
568 1213 753 1288 Praepositus
781 1213 956 1292 Pleysensis,
981 1213 1088 1273 nuluen

98 1301 254 1373 obsessam,
275 1300 370 1358 multis
391 1301 466 1360 bene
487 1307 593 1374 notam,
615 1297 781 1380 Sigeberg³)
798 1303 912 1362 venisse
932 1303 1014 1380 gratie
1031 1313 1088 1359 enra-

96 1389 189 1445 tionis
233 1387 314 1461 Quae
347 1405 413 1446 eum
441 1391 469 1445 in
498 1389 620 1446 oratorio
650 1390 742 1446 saneti
768 1387 930 1464 Myebaelis
957 1379 1089 1460 Archangeli

97 1474 133 1533 de
162 1473 281 1532 diversis
311 1477 543 1550 interrogaretur,
577 1480 606 1532 et
635 1474 772 1533 ineideret
799 1478 905 1534 mentio
935 1475 969 1535 de
992 1471 1087 1534 Luoiloro

96 1561 173 1637 apud
205 1561 309 1620 inferos
333 1560 437 1637 ligato,
466 1560 611 1637 respondit
630 1578 682 1636 per
704 1577 736 1620 os
765 1563 826 1620 eius
856 1563 997 1622 diabolus:
1020 1555 1088 1627 Stulti,

96 1649 200 1723 quibus
229 1650 336 1706 eatenis
365 1650 472 1723 putatis
499 1651 666 1723 magistrum
688 1665 785 1707 meum
806 1647 926 1726 ligatum
950 1652 978 1708 in
994 1637 1088 1707 inferno?

94 1733 226 1794 Ferreis?
259 1735 458 1810 Nequaquam.
512 1735 579 1793 Tria
610 1734 701 1793 verba
731 1737 825 1810 posita
857 1742 925 1795 sunt
955 1739 983 1795 in
1009 1728 1088 1794 alab

94 1824 206 1896 missae,
228 1822 332 1896 quibus
353 1822 458 1897 ligatus
480 1829 531 1880 est.
574 1821 795 1894 Requirentibus
818 1822 988 1898 quibusdam
1006 1838 1036 1882 er
1050 1816 1089 1876 ne

94 1909 199 1967 tribus:
222 1909 303 1983 Quae
315 1915 382 1967 sunt
394 1908 442 1966 illa
457 1910 510 1966 tria
523 1907 633 1966 rerba?
656 1908 749 1967 dieere
768 1909 867 1985 noluit,
888 1910 936 1970 vel
950 1912 1089 1986 potionaret
1131 1970 1139 1987 ,Ι

93 2013 150 2054 non
172 1996 231 2068 fuit,
254 1995 305 2053 sed
327 1997 378 2053 ait:
401 1994 509 2053 Afferte
522 1995 590 2052 mihi
612 1994 724 2069 librum,
747 2002 775 2053 et
796 2014 851 2073 ego
873 1999 957 2056 vobis
977 1991 1090 2056 ostenden

92 2081 149 2140 illa.
192 2081 305 2140 Allatus
319 2089 362 2140 est
375 2083 400 2139 ei
416 2082 487 2140 liber
499 2080 629 2155 missalis,
651 2087 680 2140 et
702 2082 815 2141 clausus
835 2090 988 2159 porrectus.
1027 2081 1091 2157 Quen

92 2168 140 2226 illa
162 2171 304 2243 aperiens,
328 2171 419 2243 primo
442 2171 501 2226 iotu
523 2186 662 2227 canonem
682 2171 804 2245 invenit,
827 2178 857 2230 et
878 2171 994 2248 digitum
1013 2178 1093 2246 ponem

91 2273 177 2329 super
198 2255 277 2313 illurn
298 2255 407 2313 loeum:
430 2256 492 2313 Per
516 2259 628 2329 speum,
658 2263 686 2314 et
707 2275 775 2314 eum
795 2262 874 2332 ipso,
898 2266 926 2317 et
946 2260 977 2316 tu
996 2252 1095 2333 prodo

93 2344 195 2416 quibus
223 2347 359 2400 memoria
387 2342 420 2399 fit
447 2359 577 2400 summae
605 2343 766 2418 Trinitatis,
795 2347 849 2402 ait:
871 2345 948 2404 Eece
978 2343 1098 2404 istasunt

90 2431 145 2488 tria
169 2428 218 2487 illa
247 2431 350 2503 verba,
378 2430 481 2503 quibus
512 2429 616 2504 ligatus
650 2437 693 2488 est
719 2432 854 2506 magister
881 2449 971 2490 meus.
1011 2419 1099 2504 Haed)

90 2516 237 2574 audientes
263 2534 297 2574 ex
319 2516 466 2574 monachis
486 2516 581 2590 plures
605 2519 652 2590 qui
674 2517 806 2590 aderant,
835 2520 957 2578 seientes
978 2518 1102 2576 mulierem

88 2603 249 2661 bllitoratam
265 2621 336 2675 esse,
349 2603 489 2661 aedificati
501 2614 568 2661 sunt
580 2603 673 2676 valde,
695 2606 755 2662 vim
765 2606 919 2663 verborum
930 2605 1105 2681 intelligentes

89 2691 145 2748 Per
155 2691 271 2749 Patrem
294 2692 376 2762 eninr,
404 2696 432 2748 et
454 2707 520 2748 eum
540 2689 621 2763 Filio,
644 2697 672 2748 et
692 2693 721 2748 in
744 2691 850 2765 Spiritu
873 2700 982 2767 saneto,
1004 2704 1107 2768 quorum

89 2794 176 2852 opera
189 2778 311 2834 indivisa
323 2783 397 2850 sunt,
411 2777 489 2836 sortis
503 2777 549 2855 ille
567 2777 671 2853 ligatus
686 2783 738 2852 est,
760 2784 788 2836 et
800 2796 873 2837 vasa
896 2781 956 2839 eius
979 2771 1107 2855 direpta⁵).

435 2932 667 2993 CAPITULUM
695 2935 781 2994 XIV.

236 3056 282 3112 De
304 3056 426 3128 obsesso,
450 3074 527 3130 quae
547 3060 579 3113 in
600 3057 706 3114 Irteula
727 3062 821 3117 eoacti
842 3060 990 3136 apotome·

452 3143 584 3217 prodidit
605 3145 752 3218 retequioe.

129 3259 164 3317 In
178 3260 248 3319 festo
262 3260 396 3319 Omnium
413 3262 583 3322 Sanctorum
605 3263 660 3323 hoe
673 3282 748 3323 anno
765 3282 828 3323 eum
842 3283 936 3325 essem
951 3282 1018 3325 oum
1026 3266 1113 3325 Priore

87 3363 151 3405 meo
174 3349 201 3403 in
223 3347 321 3406 Insula
339 3352 429 3407 saneti
451 3350 600 3425 Nyebolai,
620 3369 694 3425 quae
716 3352 803 3428 vulgo
825 3353 918 3428 Stupa
939 3360 1070 3428 voeatrn,
1089 3357 1113 3410 et

106 3482 135 3547 ¹³
153 3480 264 3600 tlltlt
273 3481 337 3619 gr
355 3482 462 3616 Idri,
475 3483 506 3602 ²3
519 3483 602 3603 &210⁵
611 3483 857 3605 ltlld‘lnd
863 3485 1114 3624 iffiissffiidss'lli

154 3620 179 3670 in
198 3620 292 3686 oppido
310 3621 447 3690 Siegburg:
472 3625 512 3671 eui
535 3622 650 3674 abbatiae
669 3623 767 3675 subdita
791 3625 837 3675 luit
864 3626 1037 3694 praepositura
1055 3625 1114 3676 Plei-

154 3693 235 3742 seusis
262 3694 287 3742 in
320 3690 377 3742 villa
406 3691 567 3754 Uber-Pleis,
590 3692 658 3743 haud
682 3693 770 3758 procul
798 3693 922 3747 disiuncta
950 3695 982 3745 ab
1007 3696 1114 3747 lleister·

152 3759 231 3824 bach,
251 3761 308 3813 vide
328 3761 371 3812 Ph.
389 3761 418 3813 Ε.
437 3761 593 3812 Sclrwaben:
614 3762 764 3814 Gesehichte
782 3762 826 3816 der
844 3764 924 3827 stadt,
940 3764 1051 3833 Festung
1067 3762 1113 3815 und

144 3832 225 3887 Aurei
241 3833 380 3906 Siegburg.
405 3850 432 3903 p.
452 3831 501 3884 lat
522 3848 561 3900 sq.
581 3862 610 3870 -
630 3832 663 3900 l]
682 3833 739 3883 libb
755 3833 825 3883 bon.
842 3864 871 3873 —
891 3835 923 3900 5]
940 3835 1015 3887 liare.
1032 3837 1057 3899 3,
1073 3834 1113 3886 27.
