2460 4162
84 288 86 292 Α
131 218 192 277 rso
446 163 674 280 ursrmouro
697 216 863 296 onnam

77 389 80 393 ,
128 338 159 399 ld
180 345 232 415 est,
251 337 307 398 hoc
320 338 397 414 quod
419 343 608 416 quaesierunt,
634 340 752 401 laudem
771 342 878 402 scilicet
896 340 1046 402 hominum
1069 347 1101 404 et
1120 341 1171 404 lu·

130 442 217 485 crum.
259 426 294 483 In
315 429 373 484 iam
388 427 469 486 dictis
486 430 618 503 operibus
641 432 746 487 sanctis
768 427 907 504 quosdam
927 435 1042 489 tantum
1063 448 1171 507 super-

130 512 181 571 bia
201 511 239 570 ad
252 515 384 571 meritum
395 511 410 592 ¹)
432 518 537 590 tangit,
560 515 631 573 alios
652 531 704 590 per
725 515 942 575 delectationem
961 513 1049 597 iam²)
1072 521 1169 595 angit,

122 598 280 674 plurimos,
309 607 342 657 ut
362 600 539 676 hypocritas,
567 618 618 676 per
640 619 808 660 consensum
830 609 858 661 et
880 601 1052 663 desiderium
1074 607 1170 665 victos

129 685 237 744 fortiter
256 689 367 760 premit.
409 688 461 746 Vis
490 705 565 747 nunc
587 688 683 763 aliqua
705 689 740 748 de
761 689 866 748 talibus
887 689 985 749 audire
1007 690 1168 768 exempla?

130 769 332 832 NOVICIUS:
358 767 424 832 Hoc
446 773 554 832 dudum
575 774 741 834 desideravi.
783 772 1017 837 MONACHUS:
1040 776 1090 837 Dc
1112 795 1168 838 ex-

130 858 258 917 tollentia
282 862 415 919 orationis
449 860 540 919 habes
570 861 731 936 exemplum
758 864 787 920 in
822 862 950 923 secunda
984 860 1171 925 disdncfiouc

131 945 255 1020 capitulo
276 949 411 1009 vicesimo
434 948 574 1022 secundo,
596 949 646 1006 ubl
668 942 798 1007 diabolus
820 947 857 1007 ad
878 949 1011 1009 monachi
1031 950 1171 1011 lacrimas

131 1035 269 1106 respexit,
295 1051 360 1092 cum
389 1051 454 1093 eum
482 1036 574 1110 gratia
602 1035 703 1094 eadem
711 1032 731 1114 ³)
755 1034 909 1094 extulisset.
952 1035 1103 1112 Quantum
1131 1039 1171 1098 ait

129 1118 286 1193 paericulum
307 1123 336 1178 in
357 1123 437 1180 vocis
459 1121 636 1197 extollentia,
661 1121 791 1198 exempla
819 1128 848 1182 te
868 1120 1037 1204 iustruent⁴)
1060 1124 1170 1185 subac-

128 1208 252 1279 quentia.
773 1206 785 1217 ”
945 1225 947 1229 ’

461 1395 694 1458 oxrrrucuu
715 1394 835 1479 vura)

193 1517 242 1578 Dc
261 1519 405 1578 monacho
426 1519 537 1578 lllontia
561 1484 683 1594 Omani,
705 1524 759 1596 qui
777 1524 810 1579 iu
830 1520 1100 1598 cipitia-Paculus,
1168 1488 1173 1495 ⁵

387 1606 533 1666 benedicto
555 1624 645 1680 cereo,
667 1609 831 1666 translatus
852 1615 901 1667 eat.
932 1646 938 1659 ·
1022 1630 1027 1659 a

195 1745 275 1806 Sicut
289 1745 382 1821 didici,
402 1764 459 1805 non
478 1764 514 1805 ex
535 1744 665 1821 lectione,
686 1743 737 1805 sed
752 1764 788 1805 ex
810 1745 958 1806 cuiusdam
974 1749 1082 1824 magni,
1096 1753 1166 1825 ‚nm

131 1836 190 1891 vita
212 1851 299 1908 quam
321 1833 456 1909 doctrina,
485 1836 538 1893 viri
559 1833 709 1907 relatione,
731 1834 889 1893 monachus
911 1831 1028 1909 quidam
1050 1840 1113 1895 erat
1134 1836 1167 1894 ln

129 1917 229 1978 Monte
252 1920 369 1980 Cassino
394 1938 497 1980 vocem
517 1920 627 1978 habens
649 1922 856 1979 suavissimam.
897 1919 955 1979 Hic
976 1937 1043 1979 cum
1064 1922 1095 1981 in
1115 1923 1166 1981 vl·

129 2006 197 2080 gilia
218 2005 347 2065 Paschae
375 2009 404 2064 in
432 2013 512 2065 veste
540 2006 655 2065 levitica
678 2023 791 2065 cereum
813 2005 1009 2080 benediceret,
1038 2012 1068 2066 et
1088 2024 1166 2069 uoce

130 2091 292 2151 dulcissima
313 2093 506 2152 dulcissimam
534 2092 660 2151 eiusdem
682 2092 885 2152 benedictionis
906 2092 1059 2153 melodiam
1079 2111 1165 2155 reso·

130 2185 219 2254 naret,
242 2187 270 2238 et
288 2176 388 2258 esset⁵)
415 2197 472 2238 uox
494 2181 553 2238 eius
565 2182 594 2237 iu
616 2180 732 2238 auribus
747 2183 872 2237 omnium
892 2187 1030 2254 tanquam
1051 2183 1165 2241 musica

130 2267 160 2324 in
189 2269 319 2325 convivio
345 2263 447 2345 vinie),
476 2265 626 2324 benedicto
662 2283 759 2340 cereo,
792 2283 933 2341 nusquam
964 2264 1165 2349 comparuit²).

130 2355 168 2413 Et
188 2356 314 2412 nescitur
335 2370 425 2428 usque
447 2355 476 2410 in
497 2351 665 2410 hodiernum
677 2351 760 2426 diem,
783 2370 869 2427 aquo
882 2355 918 2411 sit
931 2353 1093 2429 translatus,
1112 2354 1165 2414 vol

129 2444 159 2499 in
181 2458 267 2516 quem
281 2441 377 2500 locum
399 2440 552 2515 depositus.
594 2437 797 2498 NOVICIUS:
821 2438 896 2519 Quid
917 2441 941 2498 si
961 2440 1041 2498 illum
1063 2447 1164 2501 truns-
1205 2473 1210 2479 ·

131 2529 195 2587 tulit
228 2526 346 2604 angelus
378 2524 514 2586 Domini?
548 2524 782 2584 MONACHUS:
809 2525 875 2585 Hoc
907 2542 965 2585 nou
993 2534 1037 2586 est
1064 2529 1164 2587 visum

130 2615 263 2675 fratribus
281 2617 349 2689 eius,
372 2617 419 2690 qui
433 2616 521 2672 vitam
534 2609 636 2692 illiusss)
658 2619 806 2670 noverant.
832 2612 926 2688 Magis
947 2615 1070 2689 timetur,
1082 2615 1164 2690 quod

132 2720 219 2762 causa
237 2709 336 2779 raptus
350 2704 410 2760 cius
424 2702 507 2759 luerit
527 2701 628 2759 vitium
649 2700 783 2758 subortae
806 2698 943 2774 elationis,
964 2717 1051 2774 quam
1072 2704 1163 2760 meri-

129 2798 192 2848 tum
213 2789 381 2849 dovotionis.
423 2787 502 2846 Audi
525 2786 593 2861 quid
614 2785 792 2862 Augustinus
815 2786 905 2844 dicat:
935 2786 1074 2862 Quotiens
1094 2787 1163 2863 plus

131 2893 178 2934 me
207 2875 338 2950 delectat,
365 2878 463 2950 inquit,
488 2880 596 2947 cantus,
619 2890 705 2947 quam
726 2890 771 2930 res
793 2890 867 2947 quae
889 2880 1035 2946 cantatur,
1055 2877 1163 2934 totiens

21 2980 35 2999 .
130 2980 176 3021 me
207 2965 332 3038 graviter
361 2978 487 3037 peccare.
513 2955 685 3038 confiteor⁹).
734 2958 773 3016 Et
805 2976 943 3034 organum
970 2958 1040 3017 illud
1067 2963 1164 3021 sancti

129 3047 251 3123 Spiritus
266 3046 310 3128 ¹⁰),
338 3049 440 3107 beatus
461 3047 567 3105 scillcet
587 3045 669 3121 Papa
691 3044 845 3122 Gregorius
867 3047 952 3106 etiam
974 3046 1055 3106 dicit:
1086 3046 1163 3107 uum

130 3138 237 3197 blanda
250 3153 307 3196 vox
326 3136 484 3210 quaeritur,
506 3135 566 3192 vita
586 3134 682 3192 sobria
703 3132 847 3192 deseritur.
888 3132 965 3193 Ecce
987 3132 1161 3210 exemplum.

148 3306 216 3375 1)c
240 3302 409 3371 superbia,
432 3318 492 3353 non
516 3302 673 3352 meritum.
693 3314 723 3340 -2
748 3301 780 3368 2)
802 3302 862 3351 iam
887 3299 935 3351 add
954 3300 1002 3352 BG.
1028 3330 1058 3339 -
1085 3300 1162 3369 ³)c

198 3391 314 3426 earum.
335 3402 365 3412 -
390 3373 422 3438 4)
440 3373 461 3422 l]
479 3374 656 3422 instruant.
677 3401 706 3410 -
726 3371 758 3438 *J
782 3370 871 3421 llomil.
895 3371 914 3421 l.
939 3387 962 3436 p.
989 3371 1046 3423 101.
1075 3399 1107 3409 -
1127 3372 1161 3440 5)

196 3453 285 3496 asset
303 3442 352 3493 add
370 3441 419 3495 BC.
439 3471 469 3480 -
489 3441 520 3508 6)
539 3440 614 3492 Eccli.
633 3441 675 3504 49,
694 3441 718 3491 2.
738 3470 768 3479 —
791 3442 823 3507 7)
841 3440 859 3490 P
878 3438 1032 3491 aliorsum
1049 3447 1161 3492 trans-

196 3515 282 3566 latus
301 3527 454 3577 nusquam
473 3513 660 3576 comparuit.
681 3539 711 3548 —
731 3510 763 3575 8)
782 3509 801 3560 B
820 3510 981 3561 fratribus
999 3511 1088 3571 eius,
1106 3512 1161 3577 qui

195 3585 294 3636 vitam
313 3579 428 3643 eius,G
446 3579 619 3643 fratribus,
638 3581 691 3646 qui
710 3580 782 3629 eius
800 3579 942 3643 vitam,l’
960 3579 1021 3641 eis,
1039 3580 1095 3646 qui
1113 3582 1161 3631 vi·

195 3663 257 3704 tum
281 3651 382 3702 illius.
394 3679 424 3689 -
444 3650 475 3715 9)
493 3650 625 3713 Angustia.
642 3648 755 3700 Gonless.
773 3648 805 3710 X,
822 3649 865 3711 33,
882 3649 950 3702 3.-
969 3649 1017 3715 10)
1036 3650 1072 3699 sic
1090 3648 1123 3699 de
1132 3650 1159 3701 S.

195 3720 323 3775 Bernardo
342 3722 367 3772 in
385 3721 438 3771 eius
456 3717 560 3784 Vita-V,
578 3721 602 3770 2.
621 3734 645 3785 p.
663 3718 726 3769 att:
746 3716 929 3783 ,dulcissimum
953 3719 1034 3769 sancti
1050 3718 1160 3786 Spiritus

194 3794 338 3863 organum.“
