2438 4170
87 239 152 300 000
412 236 639 300 0000000010
663 235 816 316 Qunvva

430 410 662 472 CAPITULUM
683 410 788 470 XXII.
849 413 850 416 ’

356 533 404 591 De
425 506 574 591 1000011010
595 534 720 590 Poetelio
744 533 863 590 00000110.

155 651 266 712 Eodem
287 659 415 728 tempore
427 671 483 728 quo
499 653 695 712 manifestatae
706 659 772 712 sunt
794 653 928 711 haereses
940 648 1135 737 molentun,

91 744 121 799 in
141 740 294 799 Parisiensi
316 741 445 815 civitate,
471 742 499 798 in
522 758 579 816 qua
599 740 662 798 fons
685 746 727 798 est
748 742 835 797 totius
858 740 991 797 scientiae
1018 743 1043 796 et
1065 759 1132 816 pu.

91 835 154 887 teus
176 826 335 885 dunarum
358 829 568 901 scripturarum,
590 824 762 901 quibusdam
780 827 849 884 viris
870 825 984 884 literatis
1003 841 1123 900 persua·

90 915 133 973 sio
157 913 297 972 diabolica
311 930 476 988 perversum
489 913 636 971 instillavit
652 912 836 971 intellectum.
870 911 994 987 Quorum
1009 915 1115 972 nomina

92 1006 158 1059 sunt
179 1000 267 1074 haec,
288 1003 423 1075 magister
443 999 614 1058 Wilhelmus
635 999 825 1058 Pictaviensis
846 998 1048 1070 subdiaconus,
1067 1000 1109 1072 qui

91 1087 200 1164 legerat
210 1086 327 1145 Parisiis
339 1086 375 1145 de
395 1086 503 1144 artibus
525 1093 554 1144 et
575 1087 664 1144 tribus
675 1087 755 1144 annis
766 1085 916 1144 studuerat
935 1087 963 1142 in
976 1083 1104 1159 theologia,

91 1173 255 1233 Bernardus
276 1172 483 1246 Subdiaconus,
504 1172 674 1231 Wilhelmus
700 1172 808 1231 aurifex
825 1169 841 1252 ¹)
862 1172 998 1247 propheta
1016 1185 1099 1240 eorum,

92 1259 255 1335 Stephanus
283 1260 417 1318 sacerdos
447 1259 482 1318 de
510 1259 609 1318 Veteri
631 1257 771 1332 Curhuel,
803 1257 967 1334 Stephanus
992 1253 1097 1316 sacerdos

93 1346 128 1405 de
152 1345 246 1419 Gella,
267 1345 415 1405 Johannes
437 1345 572 1405 sacerdos
594 1345 630 1403 de
651 1344 783 1404 Unohris:
805 1346 852 1403 isti
874 1361 971 1403 omnes
989 1344 1014 1401 in
1031 1341 1093 1399 theo·

91 1433 167 1508 logia
196 1432 376 1506 studuerant,
410 1432 530 1512 exo'epto
559 1431 719 1507 Bemard03
741 1431 829 1489 Dudo
858 1430 985 1506 specialis
1003 1428 1093 1488 clericus

92 1521 220 1595 magistri
230 1515 392 1598 Almerici²)
414 1519 578 1593 sacerdotis,
600 1520 649 1592 qui
661 1518 719 1577 fere
734 1517 925 1577 decemannis
945 1511 1091 1586 intheologia

94 1605 255 1680 studuerat,
278 1605 435 1663 Elmandus
456 1604 587 1664 Aeolitus
600 1602 636 1685 ³),
666 1611 694 1663 et
717 1602 782 1676 Odo
802 1604 966 1679 Diaconus,
990 1601 1091 1676 magistet

93 1691 225 1764 Gannus,
247 1694 296 1767 qui
310 1697 532 1751 conventaverat
544 1692 659 1750 Parisiis
681 1691 716 1750 de
738 1692 855 1765 artibus,
878 1697 907 1750 et
927 1691 972 1749 hic
991 1682 1090 1748 00000101

91 1778 220 1838 audierat
242 1778 416 1854 theologiam
437 1796 456 1837 a
476 1780 611 1854 magistro
634 1777 779 1853 Stephano
802 1776 1017 1853 Archiepisoopo
1035 1771 1090 1830 Cau·

91 1867 242 1940 tuariensi3
263 1865 375 1924 Ulrious
391 1865 524 1924 sacerdos
537 1865 572 1923 de
586 1864 680 1938 Lueri,
702 1867 750 1939 qui
768 1867 969 1940 sexagenarius
979 1856 1090 1921 studuerat

91 1954 119 2010 in
141 1952 286 2027 theologia
307 1958 434 2026 tempore
463 1950 551 2009 multo
563 1947 600 2030 ⁴),
621 1950 723 2009 Petrus
752 1951 787 2009 de
815 1958 916 2010 sancto
943 1939 1090 2010 clodovaldo

91 2037 225 2097 sacerdos
257 2045 285 2096 et
317 2040 532 2114 sexagenarius
572 2040 620 2111 qui
653 2040 738 2095 etiam
774 2037 904 2096 audierat
939 2033 1090 2109 theologiam,

91 2123 254 2199 Stephanus
275 2125 421 2183 Diaconus
444 2125 478 2182 de
494 2125 592 2183 Veteri
611 2124 752 2182 Gurbuclo
765 2121 795 2203 ⁵).
838 2124 890 2182 Isti
907 2126 1030 2182 instinctu
1047 2114 1091 2173 dii·

92 2211 150 2269 boli
170 2211 303 2269 haereses
330 2212 433 2269 multas
463 2218 491 2269 et
508 2213 658 2269 maximas
688 2214 934 2286 excogitaverant,
963 2217 989 2269 et
1012 2201 1091 2266 iamir

90 2298 218 2372 plurimis
230 2298 299 2356 locis
315 2289 575 2356 disseminaverant.
604 2296 806 2356 NOVICIUS:
830 2297 912 2372 Quae
924 2285 1093 2362 fileruntcapi·

91 2384 167 2458 tula,
198 2386 227 2441 in
260 2385 363 2458 quibus
397 2387 450 2442 viri
486 2387 603 2442 scientia
636 2391 664 2442 et
693 2391 787 2443 aetate
820 2390 880 2442 tam
906 2386 999 2460 magni
1025 2386 1094 2439 errari

90 2471 263 2546 potuerunt?
307 2469 541 2529 MONACHUS:
568 2470 712 2529 Dicebant
740 2488 797 2529 non
827 2470 909 2529 ahter
939 2488 998 2529 esse
1018 2474 1095 2537 0010111

93 2557 197 2615 Christi
218 2559 245 2613 in
268 2575 342 2631 pane
365 2557 469 2631 altaria,
492 2575 578 2631 quam
600 2559 629 2614 in
652 2557 707 2614 aho
728 2575 802 2632 pane
826 2564 854 2615 01
882 2561 911 2615 in
935 2557 1048 2632 quahbet
1062 2561 1095 2619 re3

91 2646 188 2719 sicque
211 2644 306 2702 Deum
328 2644 455 2702 locutum
482 2645 569 2701 luisse
591 2646 619 2701 in
650 2642 768 2718 Ovidio,
800 2645 885 2710 sieut,
905 2646 935 2702 in
956 2638 1097 2719 Augustini·

91 2731 244 2807 Negabant
265 2733 498 2789 resurrectionem
511 2747 670 2805 corporum,
693 2730 818 2789 (11000100
841 2730 910 2787 nihil
926 2747 988 2789 esse
1008 2719 1097 2804 paradi·

92 2835 163 2891 sum,
186 2835 279 2891 neque
301 2818 448 2891 infernum,
471 2817 520 2875 sed
544 2819 592 2890 qui
613 2817 732 2876 haberet
752 2817 945 2892 'cognitionem
958 2817 1011 2874 Dei
1031 2817 1099 2879 inse,

92 2921 178 2977 quam
200 2906 260 2978 ipse
282 2903 436 2977 habebant,
458 2904 576 2962 haberet
597 2905 624 2960 in
648 2921 679 2962 se
701 2903 881 2978 paradisum;
905 2905 1030 2978 quivero
1049 2911 1099 2974 pec·

92 2997 187 3047 catum
209 2989 336 3062 mortale,
358 2991 476 3048 haberet
489 2991 626 3048 infernum
649 2992 677 3047 in
699 3008 730 3048 00
752 2993 825 3048 sicut
847 2990 961 3048 dentem
982 2985 1101 3064 putridum

92 3078 120 3131 in
143 3093 199 3132 ore.
242 3075 353 3134 Altaria
376 3080 481 3134 sanctis
501 3079 594 3150 statui,
618 3084 646 3134 et
656 3094 752 3134 sacras
770 3079 908 3151 imagines
924 3076 1072 3133 thurificare
1080 3063 1103 3147 ⁸),

91 3161 250 3219 idolatriam
266 3179 328 3220 esse
341 3163 486 3237 dicebant,
510 3181 558 3221 eos
581 3166 628 3237 qui
651 3180 717 3220 ossa
738 3170 896 3237 martyrum
918 3161 1104 3237 deosculaban-

92 3254 151 3320 tur,
181 3249 405 3306 subsannahant.
447 3249 605 3307 Maximam
628 3252 712 3307 etiarn
735 3249 943 3323 blasphemiam
972 3251 1032 3306 ausi
1056 3250 1106 3304 suut

92 3333 184 3392 dicere
213 3337 241 3391 in
271 3335 407 3409 Spiritum
438 3342 583 3409 sanctum,
612 3352 708 3410 aquo
739 3338 829 3394 omnis
859 3336 997 3392 munditia
1025 3335 1107 3391 00101

92 3423 234 3478 sarretitas.
262 3420 292 3479 Si
315 3421 415 3495 aliquis
438 3425 466 3479 in
489 3425 587 3497 spiritu
601 3419 620 3501 ⁷)
644 3429 703 3496 est,
733 3424 861 3496 aiebant,
884 3429 912 3480 et
933 3422 1017 3480 saciat
1037 3417 1107 3479 lomi·

34 3645 37 3653 .
109 3607 139 3673 1)
158 3605 198 3657 Bc
211 3604 399 3671 aurifaber,
417 3615 443 3657 ut
462 3608 533 3657 inira.
549 3638 577 3646 -
592 3607 893 3674 2JACDPEmelrici.
908 3637 935 3645 —
952 3602 1108 3672 3)acolythvr

159 3683 198 3725 est
215 3677 341 3740 proximus
360 3675 547 3727 subdiaconatui
565 3676 665 3745 gradus.
685 3708 714 3716 -
736 3678 767 3742 l]
786 3676 826 3728 BC
844 3676 943 3727 multo
963 3685 1104 3741 tempore.

154 3745 454 3869 AEdbgaficlssgrhuel,
472 3756 499 3797 ut
518 3763 641 3812 supra-
658 3747 688 3812 o)
708 3745 747 3797 DP
766 3746 1009 3798 thurificari-
1029 3737 1108 3810 7)th
