2460 4162
424 229 480 289 DE
503 228 806 303 ΟΟΝἙῈΕΒΙΟΝΕ.Ι
934 280 938 287 .
1022 231 1120 303 ·16,3

81 366 263 414 succensam.
305 349 374 426 Ille,
396 353 470 411 sicut
491 351 625 411 sacerdos
646 354 737 411 iustus
759 369 794 412 ac
815 353 918 411 timens
938 351 1050 428 Deum,
1072 369 1121 412 cor

81 456 172 500 suum
191 439 336 515 signavit„
360 438 435 497 male
463 439 501 497 ad
530 456 562 498 se
590 456 759 498 conversam
787 440 883 498 verbis
905 441 1008 514 quihus
1029 441 1123 515 poterit

82 528 198 601 avertit,
219 525 318 585 diceus
330 542 362 584 se
380 524 555 584 monachum
570 543 641 600 esse,
663 543 768 600 senem,
789 542 950 601 pannosum
964 543 999 585 ao
1020 526 1122 602 negle-

84 619 176 673 ctrun
216 611 256 671 Et
276 613 432 686 sicutipse
454 611 524 670 dixit
552 612 664 671 cuidam
685 612 840 686 monacho,
873 615 923 687 qui
949 612 1019 670 mihi
1046 614 1122 672 reei-

83 700 175 774 mett,
194 697 300 759 femina
322 698 423 757 eadem
443 704 504 756 tam
525 698 674 774 praeclara
689 694 705 777 ¹)
727 700 792 774 suit,
821 705 850 758 et
871 704 931 758 tam
951 705 1068 774 potens,
1089 705 1122 757 ut

83 788 112 845 si
132 800 235 860 essem,
255 786 355 860 inquit,
376 787 406 843 ln
427 785 551 860 saeculo,
573 788 648 845 sicut
668 785 822 860 aliquando
843 786 891 860 fui,
913 803 1061 860 nunquam
1081 784 1121 843 illi

84 871 124 933 do
144 871 196 930 tali
216 888 247 930 rc
268 887 322 930 nec
342 873 373 929 in
393 873 510 930 mirrimo
539 873 628 931 verbo
657 872 751 931 iacere
783 871 919 930 auderem
939 874 1121 931 mentionem.

84 958 203 1033 Cernis,
234 959 341 1034 inquit,
363 957 506 1033 quomodo
528 959 612 1017 nobis
633 961 690 1017 iam
712 960 830 1017 mortuis
852 956 968 1018 saeculo
991 957 1121 1017 diabolus

83 1043 256 1105 insidietur?
298 1044 406 1103 Fuerat
427 1047 503 1103 enim
516 1044 592 1104 idem
605 1044 709 1104 Abbas
730 1052 797 1104 ante
812 1046 1028 1104 conversionem
1040 1044 1121 1103 miles

82 1134 116 1193 iu
135 1133 224 1191 mmis
245 1137 386 1206 strenuus,
406 1131 533 1207 pulcher,
554 1133 680 1206 satisque
694 1133 872 1208 nominatus3
896 1137 926 1205 et
945 1133 970 1189 si
983 1133 1027 1190 vis
1041 1133 1122 1205 seire,

83 1220 149 1295 ipse
179 1223 241 1277 erat
268 1217 400 1287 domiuus
427 1217 553 1277 Karolus
579 1217 681 1277 Abbas
701 1217 877 1278 Vilariensis.
919 1215 1120 1278 NOVICIUS:
1193 1284 1199 1290 ⁸

83 1304 208 1365 Vtinam
227 1303 366 1363 haberent
388 1322 487 1363 omncs
509 1304 683 1365 confessores
704 1306 835 1364 timorem
856 1304 986 1379 Domini,
1019 1310 1052 1363 ut
1077 1305 1122 1363 vir

73 1394 150 1453 nte.
203 1389 437 1450 MONAOHUS:
468 1391 534 1451 Non
562 1391 655 1450 solum
683 1395 861 1450 necessarius
894 1398 937 1451 est
969 1393 1009 1450 cis
1037 1392 1122 1450 timor

82 1477 220 1553 Domini,
247 1494 305 1553 quo
327 1494 358 1537 se
380 1496 399 1537 a
419 1485 538 1553 peceato
562 1478 737 1553 custodiant,
766 1479 819 1537 sed
847 1480 934 1537 etiam
954 1475 1121 1553 prudentia,

82 1581 248 1643 perquam
268 1566 342 1623 inter
361 1571 482 1640 peccata
503 1564 677 1639 discernant,
710 1571 743 1623 ut
771 1582 837 1623 cum
868 1564 949 1623 clave
975 1566 1121 1639 potentiae

81 1654 115 1713 in
143 1668 200 1711 usu
221 1649 349 1710 habeant
370 1650 480 1710 clavem
501 1653 650 1727 scientiae,
676 1657 709 1710 ut
729 1653 821 1710 sciant
843 1651 1028 1710 differentiam
1048 1652 1122 1708 inter

82 1737 217 1801 scabiem
237 1743 268 1797 et
286 1736 406 1813 lepram,
426 1731 528 1813 idest,
549 1741 622 1797 inter
635 1733 745 1798 veniale
767 1744 796 1796 et
808 1737 943 1814 mortale,
965 1739 1035 1795 item
1047 1738 1122 1796 inter

82 1824 199 1903 lepram
220 1828 250 1884 et
261 1820 281 1904 ²)
304 1823 427 1901 lepram,
455 1821 485 1883 id
507 1830 564 1900 est,
585 1827 658 1884 inter
678 1821 798 1883 mortale
825 1831 854 1884 et
876 1822 1033 1897 criminale,
1055 1825 1122 1898 quia

81 1916 209 1991 peccata
229 1913 355 1987 peccatis
377 1906 444 1971 sint
455 1913 595 1988 graviora,
616 1914 677 1971 sive
698 1911 822 1970 venialia
842 1913 908 1986 sint,
928 1912 990 1969 sive
1011 1915 1121 1969 morta-

81 1998 141 2075 lla;
164 2004 194 2059 et
215 1995 372 2057 secundum
394 1998 451 2058 hoc
472 1999 627 2058 satisfactio
657 1997 744 2057 debet
765 1996 894 2073 extendi,
915 2003 945 2057 et
966 1995 1002 2056 de
1023 1997 1121 2057 scabie

81 2088 149 2147 sive
169 2084 250 2161 lepra
269 2084 397 2145 indicari

419 2273 652 2335 caeremon
678 2250 800 2335 xciv(

1000 2334 1050 2383 '‘⁴''st

125 2396 354 2457 Denabaran
375 2397 532 2469 sacerdote,
555 2399 608 2471 qui
628 2394 682 2454 sibi
703 2395 904 2471 confitentibus
924 2360 1078 2473 iniunocre
1107 2380 1112 2387 ¹

97 2478 147 2561 [s
215 2530 234 2557 „
248 2483 386 2555 .,.····‘'a'olei
402 2486 618 2559 poeniteutiam
640 2486 712 2542 aaut
728 2472 903 2558 praeteriti
1020 2498 1023 2505 ·

150 2620 274 2699 Quidam
294 2620 429 2681 sacerdos
452 2627 481 2681 et
500 2620 641 2696 plebanus
662 2623 692 2680 in
709 2624 857 2697 provincia
877 2627 975 2680 nostra
997 2627 1049 2695 est,
1071 2621 1120 2695 qui

78 2712 112 2771 iu
149 2707 378 2785 Quadragesima
412 2709 593 2767 venientibus
629 2709 682 2767 sibi
717 2708 755 2767 ad
792 2708 999 2768 confessionem
1026 2707 1120 2766 dicere

80 2797 251 2857 consuevit:
294 2794 393 2871 Qualis
406 2797 581 2870 poenitentia
601 2797 728 2854 iniuncta
748 2794 801 2853 suit
822 2796 905 2855 vobis
927 2796 963 2853 ab
986 2801 1120 2853 anteces-

79 2899 149 2943 sore
169 2898 250 2956 meo,
278 2881 366 2940 talem
386 2883 470 2941 vobis
491 2881 577 2940 modo
605 2884 731 2958 hriungo.
774 2880 847 2940 Aliis
870 2880 1001 2940 dicebat:
1034 2879 1120 2956 Quod

79 2969 168 3030 vobis
190 2969 297 3027 iniunxi
318 2985 394 3028 auno
415 2971 577 3044 praeterito,
597 2967 653 3028 hoe
675 2975 704 3028 et
724 2970 779 3027 isto
802 2985 877 3027 anno
900 2970 1033 3042 servetis,
1061 2984 1120 3027 non

78 3054 235 3115 attendens
262 3054 331 3130 quid
351 3062 454 3131 postea
473 3059 671 3130 peccaverint,
703 3054 751 3114 vel
773 3055 893 3130 qualiter
914 3073 966 3130 pro
988 3061 1118 3130 praeter-

78 3144 129 3201 itis
157 3141 354 3201 satisfecerint
402 3137 502 3221 Hoo³)
528 3143 612 3201 nobis
639 3144 770 3201 recitavit
797 3160 872 3202 unus
901 3142 936 3201 de
964 3141 1118 3218 paroehia-

79 3230 127 3289 nis
150 3224 254 3308 eiust).

97 3379 134 3449 2)
151 3378 211 3432 DCP
228 3378 325 3430 clara.
343 3409 376 3417 —
394 3378 427 3446 2)
445 3379 489 3430 ab
507 3387 539 3430 et
556 3394 628 3429 non.
664 3379 754 3430 Homil.
772 3378 812 3430 ill.
831 3395 856 3446 p.
874 3379 921 3430 91:
945 3377 1031 3445 „lepra
1048 3393 1118 3430 rnor-

152 3448 203 3501 lale
220 3456 351 3516 peceatum
369 3456 417 3499 cst.
452 3448 570 3500 Diversae
587 3449 685 3515 specics
706 3450 732 3499 in
749 3449 859 3500 Levitico
877 3448 1062 3517 distinguuntur
1079 3448 1118 3499 le-

151 3534 223 3585 pree,
239 3533 286 3585 per
303 3533 365 3587 quas
383 3519 452 3570 varia
469 3527 573 3585 peccata
592 3519 688 3568 animae
706 3517 853 3585 ligurantur.
888 3518 967 3584 Lepta
985 3526 1024 3568 est
1036 3515 1118 3568 idola-

152 3590 210 3651 tris,
228 3587 275 3639 alia
293 3589 390 3655 species
408 3588 551 3654 periurium,
569 3589 643 3638 tertia
661 3587 835 3652 homicidium,
852 3597 942 3655 quarta
959 3586 1118 3650 adulterium,

152 3664 180 3709 el
196 3660 233 3709 sic
250 3656 283 3709 ele
300 3658 400 3709 ceteris.
435 3658 561 3721 Quantum
579 3659 645 3708 enim
664 3656 740 3708 distat
757 3659 822 3708 inter
839 3658 948 3708 scabiem
966 3665 992 3707 ct
1008 3656 1117 3724 lepram,
1203 3678 1207 3685 ¹

152 3725 431 3867 tsatffffliiertinter
443 3735 575 3795 peecatum
592 3726 691 3780 veniale
709 3735 735 3779 et
747 3726 877 3780 mortale.“
890 3757 920 3768 -
939 3727 972 3794 3)
990 3726 1008 3779 P
1026 3720 1115 3778 baec.

154 3826 185 3837 -
313 3813 392 3851 suus.
