2438 4170
129 119 169 176 54
456 112 684 174 Dlsutnctclo
703 113 832 173 PRIMA

130 238 224 298 taedio
246 236 341 296 affecti
361 242 493 312 parentes
515 237 589 310 eius,
612 253 678 295 cum
700 253 764 295 earn
786 235 881 295 locare
902 234 1009 295 vellent
1028 236 1060 292 in
1080 250 1161 309 prae-

130 325 205 384 dicto
228 325 400 383 monasterio
422 330 539 382 sanctae
556 322 733 399 Wnlburgis,
754 340 807 382 nec
830 340 892 381 esse
914 328 1020 397 posset,
1042 319 1161 396 eoquod

130 411 288 487 completus
309 411 409 469 fuisset
429 416 552 469 statutus
574 427 709 468 numems
731 427 868 484 sororum,
889 409 1159 468 inFusinniehcon·

91 500 95 505 '
130 517 215 558 versa
237 505 295 571 est,
317 499 367 556 ubi
388 496 461 556 adeo
482 497 617 572 profecit,
638 504 749 555 utnon
770 496 860 555 multo
881 502 962 572 post,
983 496 1050 554 lieet
1071 494 1158 553 adhuc

130 584 352 658 adolescentula,
375 586 513 660 magistra
534 583 700 642 efficeretur.
743 582 837 657 Quam
858 589 925 684 post
946 600 1036 641 annos
1058 597 1157 658 paucos

131 672 242 732 Aleidis
264 688 342 731 soror
365 674 426 729 eius
448 669 669 744 camelis,man
660 669 838 743 o'tviduata,
861 671 917 728 et
910 687 973 745 rpsa
987 667 1156 728 adhucado·

132 758 301 832 lescontula,
334 765 446 832 secuta,
475 760 505 815 in
534 755 635 815 eodem
668 757 805 816 coenobio
820 754 835 836 ¹)
858 757 934 815 faeta
956 763 1000 815 est
1019 755 1155 815 Priorissa
1199 821 1203 825 ,

132 847 260 922 Quarum
283 844 412 920 exemplo
435 844 577 919 quaedam
606 860 704 902 earum
734 850 856 918 cognata
888 845 988 901 timore
1016 848 1161 918 parentum

131 932 505 1005 deDioecesiTraiectensi,
526 933 555 987 in
575 929 676 988 habitu
697 931 770 988 virili
792 948 915 1006 egressa,
938 929 1016 1005 apud
1035 935 1162 989 sanctum

133 1021 289 1093 Thomam,
314 1035 396 1092 quae
419 1025 462 1077 est
483 1017 585 1076 domus
607 1016 837 1091 ordinianostri,
860 1022 888 1075 ot
899 1014 920 1095 ²)
941 1019 969 1074 in
992 1017 1168 1092 Episcopatu

132 1107 300 1166 Trevereusi
320 1108 422 1180 posita,
443 1122 474 1164 se
498 1105 644 1163 convertit.
687 1103 772 1163 Hane
795 1122 861 1162 enm
882 1121 962 1162 soror
983 1106 1084 1162 imitari
1099 1101 1167 1161 vel-

131 1195 178 1269 let,
200 1211 218 1253 a
239 1192 404 1269 parentibus
427 1197 511 1267 capta
533 1196 577 1248 est
599 1196 627 1248 et
648 1191 709 1249 viro
730 1191 843 1249 tradita.
875 1189 966 1266 Spero
981 1186 1169 1264 autemquod

131 1281 212 1340 Deus
240 1287 300 1338 tarn
326 1279 483 1338 ferventem
513 1279 705 1337 conversionis
734 1278 910 1336 voluntatem
942 1294 1001 1337 non
1027 1277 1170 1351 relinquet
1212 1330 1215 1339 .

131 1372 371 1428 irremuneratam.

468 1555 701 1617 CAPITULUM
722 1556 834 1614 XLIII.

217 1682 265 1740 Dc
286 1682 473 1740 emvuccsfoac
494 1678 673 1738 Hclswfndta
695 1677 868 1736 frutectosa
890 1677 925 1734 de
946 1679 1080 1736 Peracto.

196 1821 400 1894 Laudabilem,
433 1821 490 1878 imo
520 1819 589 1877 satis
618 1817 792 1891 mirabilem,
829 1817 960 1875 dominae
996 1806 1173 1875 uenandis
1211 1780 1215 1813 ¹

133 1907 306 1967 Abbatissae
336 1907 371 1966 de
399 1906 520 1965 Poreeto
555 1906 770 1963 conversionem
797 1905 849 1963 tibi
877 1903 1032 1979 replicabo.
1084 1899 1173 1960 Haec

134 2012 199 2052 eum
221 2000 297 2052 esset
318 2000 346 2051 ot
367 1992 462 2052 adhue
484 1995 521 2051 sit
541 1989 663 2048 Arnoldi
684 1987 825 2070 sculteti⁵)
847 1989 1007 2066 Aquensis,
1039 1990 1091 2048 viri
1108 1998 1174 2062 po‘

136 2082 219 2138 tentis
242 2080 402 2155 divitisque,
423 2079 489 2182 filia,
512 2080 552 2136 sic
574 2078 611 2134 ab
633 2079 749 2136 ineunte
770 2084 848 2137 aetat
849 2095 864 2136 e
836 2079 1007 2137 tfervebat
1020 2077 1081 2136 zelo
1095 2086 1176 2135 σοῦ’

132 2169 279 2241 versionis,
301 2173 333 2224 nt
353 2172 414 2224 mat
414 2168 438 2223 ri
458 2166 620 2240 frequenter
642 2163 763 2224 diceret:
796 2165 860 2223 Mat
848 2172 898 2239 ter,
919 2165 965 2224 fac
987 2182 1034 2224 mc
1055 2161 1179 2222 monia‘

134 2253 599 2312 lem.Solitaonimcratcun1
628 2257 719 2311 matre
752 2251 905 2311 ascendere
927 2252 1011 2309 Mont
999 2259 1057 2310 tom
1078 2246 1182 2308 sanct¹

134 2340 327 2414 Salvatoris,
320 2359 349 2398 ιιι
372 2357 428 2415 quo
450 2347 518 2398 tune
538 2339 675 2396 manebat
663 2345 853 2397 tconventus
875 2336 1031 2418 soromm⁵)
1048 2337 1176 2396 dePor‘

60 2461 65 2472 ·
136 2434 208 2485 ceto.
251 2427 306 2485 Die
329 2427 453 2502 quadam
474 2444 526 2502 per
546 2424 699 2484 fenestram
731 2429 870 2501 coquinae
898 2427 1018 2484 latenter
1045 2428 1179 2492 intransq

135 2515 327 2572 dormitorium
350 2513 496 2588 ascendit,
518 2520 547 2571 et
567 2513 679 2588 puellae
701 2513 849 2571 cuiusdam
871 2513 1012 2571 cucullam
1033 2511 1168 2581 induens,

134 2619 199 2660 cum
222 2604 321 2660 ceteris
344 2602 461 2667 chorum
482 2602 606 2659 intravit.
650 2600 735 2676 Quod
757 2618 822 2658 cunr
850 2602 932 2658 matri
961 2601 1040 2658 abire
1062 2597 1161 2658 volenti

132 2705 184 2763 per
197 2688 384 2747 Abbatissam
404 2690 581 2762 innotuisset,
602 2688 650 2746 illa
670 2695 775 2763 putans
796 2690 891 2746 iocum
913 2704 985 2761 esse,
1006 2685 1160 2762 respondit:

132 2776 244 2833 Vocate
271 2792 407 2850 puemrn,
440 2781 551 2851 oportet
577 2791 630 2832 nos
658 2777 708 2832 ire.
750 2775 838 2834 Venit
863 2773 911 2832 illa
939 2776 1107 2832 muinsecus
1128 2769 1163 2830 ad

132 2862 293 2935 fenestram,
316 2862 426 2921 dicens:
448 2862 582 2920 Monialis
604 2880 676 2934 sum,
698 2880 755 2920 nou
777 2863 825 2920 ibo
847 2868 950 2919 tecum.
985 2861 1081 2920 Mater
1098 2875 1163 2918 vero

132 2950 233 3007 timens
255 2951 395 3023 maritum,
417 2949 576 3024 respondit:
609 2948 698 3008 Modo
721 2955 832 3007 tantum
854 2950 954 3006 venias
976 2965 1106 3021 meeum,
1139 2954 1166 3006 et

133 3052 185 3111 ego
208 3042 318 3111 patrem
346 3041 427 3093 tuum
459 3037 583 3111 rogabo,
616 3042 648 3094 ut
680 3043 708 3094 to
740 3037 826 3094 faciat
857 3035 1018 3093 monialem.
1062 3035 1167 3110 Sicque

133 3125 227 3181 exivit.
270 3122 364 3181 Matre
386 3140 454 3182 vero
476 3130 597 3196 tacente,
621 3125 782 3198 eontigitut
803 3125 905 3179 iterum
919 3129 1045 3179 montom
1064 3139 1168 3182 ascen-

133 3208 219 3282 deret,
240 3208 298 3267 iilia
321 3209 485 3269 dormiente.
529 3209 634 3285 Quae
633 3229 699 3270 cum
720 3212 895 3283 surrexisset,
917 3211 1037 3267 matre'
1030 3227 1059 3266 ιιι
1073 3209 1169 3269 ecele-

132 3299 174 3355 sia
196 3299 340 3371 quaesita,
373 3303 401 3355 et
422 3315 480 3356 non
501 3299 631 3371 inventa,
664 3300 692 3354 in
714 3302 810 3355 monte
834 3314 898 3354 cun
921 3313 983 3353 esso
1005 3298 1170 3371 suspicans

130 3391 229 3442 secuta
251 3390 294 3442 cst
315 3383 384 3458 sola,
406 3391 434 3443 et
455 3401 506 3460 per
521 3380 541 3462 ⁵)
563 3384 739 3459 praedictam
760 3383 941 3442 fenestram'
934 3399 1082 3458 ingressa,
1105 3402 1170 3442 rur-

150 3553 178 3619 1)
197 3551 215 3602 P
233 3552 314 3603 loeo.
335 3582 364 3590 -
385 3550 416 3619 2)
435 3561 466 3603 et
490 3566 529 3602 om
548 3551 574 3602 P.
595 3582 625 3591 -
646 3552 677 3619 3)
697 3551 833 3603 sculteti
851 3568 892 3602 οιιι
910 3551 943 3613 (23
962 3567 1019 3602 mox
1037 3551 1057 3603 l)
1077 3553 1172 3611 tilia,

197 3621 362 3689 Aquensis
390 3623 455 3673 viri
481 3623 626 3689 potentis
652 3621 836 3690 divitisque
863 3623 961 3684 civis,
991 3624 1046 3672 sic.
1077 3654 1108 3663 -
1138 3627 1172 3693 4]

199 3707 341 3743 sororum
359 3708 399 3744 om
418 3691 445 3744 C.
465 3721 496 3732 -
516 3692 548 3758 5]
565 3707 622 3758 per
639 3708 680 3742 orn
698 3690 725 3742 (3.
