2460 4162
411 205 467 271 Da
489 204 768 271 CONFESSIONE.
1049 211 1109 272 155

72 330 203 411 quodam
223 332 286 393 eius
305 330 445 408 familiari,
466 335 506 391 ita
528 350 595 391 eum
616 332 750 406 vexabat,
772 337 801 393 et
820 329 892 392 forte
903 331 997 392 adhuc
1006 349 1113 394 vexare

72 437 134 482 uou
155 425 258 494 cesmt,
280 421 395 495 spiritus
416 420 608 479 fornicationis
629 436 680 495 per
698 421 955 495 incentivaeamis,
975 420 1114 480 utdieere

74 508 169 587 possit
189 523 257 567 cum
276 504 433 582 Apostolo:
476 507 524 565 Ne
544 507 719 582 mopnitado
748 507 962 566 revelationum
991 508 1114 567 extollet

75 613 137 668 mc,
159 594 249 661 dutus
272 599 314 652 cst
333 595 405 653 mihi
425 594 561 652 earnalia
582 596 680 652 corath
701 611 803 665 nacae,
826 595 948 668 capetus
969 593 1112 666 Satanae,

76 684 132 759 qui
151 698 200 739 me
220 680 382 754 colaphizet
393 677 422 750 ¹).
454 679 567 738 Dicitur
587 685 684 738 tamen
705 678 800 739 adhuc
816 696 933 755 corpore
944 697 1007 740 esse
1021 683 1113 757 virgo.

74 767 106 829 Δ
126 758 249 844 pueritie
271 769 345 826 enim
366 769 396 824 in
416 765 494 825 Aina
514 768 636 825 nutritus
662 783 767 841 pecora
796 766 923 826 eiusdem
950 769 1113 826 monasterii

74 856 168 933 pavit
210 853 323 922 Deinde
344 853 437 912 iactus
459 869 628 928 conversus,
656 852 729 912 adeo
750 853 883 928 profecit,
911 859 943 911 ut
964 853 1113 914 cuiusdam

73 942 214 1019 grangiae
222 936 243 1020 ²)
264 942 400 1016 magister
421 939 588 998 afficeretur.
632 938 688 1015 Qui
708 940 782 998 bene
810 956 846 998 ac
872 938 991 1000 fideliter
1019 940 1113 999 admi-

74 1030 202 1088 nistrans
224 1029 378 1102 exteriora,
410 1029 484 1085 sicut
498 1026 603 1101 ¹bonus
632 1043 666 1084 ac
694 1025 785 1084 fidelis
818 1025 1010 1102 dispensator,
1038 1027 1113 1086 dona

75 1116 182 1175 meruit
200 1115 342 1173 interiora
383 1111 585 1172 NOVICIUS:
617 1111 734 1172 Utinam
755 1112 895 1171 haberent
916 1130 1014 1172 omnes
1042 1131 1112 1172 eon-

74 1200 201 1262 fessores
223 1202 354 1260 conversi
374 1199 459 1257 huius
480 1200 617 1274 spiritum,
639 1200 707 1273 quia
727 1205 795 1258 tunc
817 1199 983 1259 confitentes
1003 1200 1113 1258 nullum

76 1289 135 1363 eis,
164 1288 227 1347 sive
252 1303 304 1362 per
326 1287 568 1359 erubescentiam,
597 1288 658 1344 sive
686 1303 738 1360 per
765 1287 967 1362 ignorantiam,
995 1293 1113 1362 possent

75 1373 248 1435 subtrahero
268 1379 428 1448 peccatum.
470 1370 705 1432 MONACHUS:
727 1371 809 1430 Licet
829 1373 925 1431 multis
943 1373 1113 1434 confessori-

75 1462 134 1522 bus
156 1459 231 1519 desit
256 1462 371 1535 spiritus
399 1458 581 1534 prophetiae,
612 1461 687 1518 inest
714 1465 811 1517 tamen
839 1459 967 1534 pluribus
999 1462 1113 1535 spiritus

75 1548 236 1624 sapientiae
257 1552 344 1621 atque
367 1544 540 1621 prudentiae,
560 1562 613 1620 per
634 1562 719 1621 quem
742 1544 868 1604 defectus
880 1546 927 1605 ille
938 1546 1113 1621 suppleatur.

74 1631 281 1695 NOVIGIUS:
312 1632 369 1720 Dic
399 1649 522 1708 quaeso,
547 1632 665 1708 prodest
692 1631 799 1706 aliquid
826 1639 946 1707 peccata
968 1632 1113 1707 confiteri,

74 1726 190 1783 retenta
210 1718 358 1781 voluntate
378 1717 539 1794 peccandi?

395 1906 628 1968 oarrrmun
648 1907 798 1968 xxxrv.
834 1979 839 1987 ,

135 2030 186 2091 De
207 2047 241 2089 co
262 2030 345 2106 qaod
364 2029 514 2106 confacio,
537 2048 614 2105 qaue
634 2029 668 2105 fit
689 2047 756 2088 eam
776 2029 930 2089 volontate
950 2033 1056 2088 iterans

419 2116 570 2192 peccandi,
592 2119 630 2174 sit
650 2117 770 2175 inutilis.

142 2251 380 2314 MONAGHUS:
401 2252 550 2313 Modicum
570 2253 695 2329 prodest,
717 2256 784 2328 quia
793 2254 874 2314 Deus
895 2271 953 2313 non
973 2253 1112 2335 proiicit³)

76 2342 266 2417 iniquitatem,
286 2343 341 2398 nisi
360 2339 447 2399 homo
468 2342 546 2415 prius
568 2340 674 2399 malam
689 2343 819 2416 proiiciat
835 2341 1019 2400 voluntatem.
1049 2342 1113 2417 Qua

77 2430 223 2505 protacta,
251 2429 377 2502 sequitur
409 2427 487 2501 quod
516 2426 584 2485 dicit
610 2427 756 2502 Propheta
784 2426 946 2486 Michaeas:
978 2429 1114 2503 Deponct

79 2532 182 2575 eumer
202 2516 371 2589 iniquitates
392 2505 526 2585 nostroe,
556 2520 584 2572 et
606 2517 741 2588 proiiciet
761 2518 793 2572 in
812 2514 999 2589 profundans
1020 2518 1113 2572 moris

79 2604 184 2661 amaa
200 2607 325 2676 peccota
344 2595 489 2672 nostrai).
517 2599 660 2659 Jubemur
678 2604 752 2659 enim
769 2601 918 2675 paralium
931 2600 1114 2675 Prophetam,

78 2683 217 2767 seilicet‘)
228 2686 311 2763 longe
321 2688 457 2761 proiicere
474 2688 635 2761 iniquitates
645 2693 765 2761 nostras,
780 2689 927 2745 noniuxta
937 2703 989 2745 nos
999 2704 1113 2762 ponere,

78 2776 157 2835 sieut
176 2773 218 2831 illi
237 2773 357 2847 iaciunt,
379 2775 428 2848 qui
448 2780 515 2832 ante
535 2773 650 2832 Pascha
670 2780 791 2847 peecata
812 2791 865 2832 sua
885 2790 936 2848 per
958 2774 1113 2832 confessio-

78 2877 158 2936 nem,
178 2866 212 2919 ut
232 2862 272 2919 eis
294 2858 415 2934 videtur,
436 2859 590 2935 deponunt,
612 2866 641 2918 et
656 2877 723 2918 mox
736 2865 802 2934 post
815 2865 948 2918 octavam
958 2867 1114 2918 resumunt

79 2946 201 3023 Lotape,
232 2947 338 3021 inquit,
364 2949 499 3022 proticite
526 2949 695 3021 iniquitates
716 2939 868 3021 cestrae⁶).
911 2944 1113 3007 NOVICIUS:

78 3032 172 3094 Estne
193 3033 295 3092 melius
326 3035 367 3092 sic
399 3032 540 3105 confiteri,
569 3050 656 3107 quam
686 3035 799 3091 omnino
821 3031 938 3092 tacere?
980 3032 1113 3092 ΜΟΝΑ-

80 3118 202 3181 crtus:
222 3118 337 3194 Melius,
357 3119 387 3178 id
407 3125 459 3194 est,
480 3119 577 3178 utilius
599 3126 650 3192 est,
672 3136 738 3178 cum
759 3119 906 3178 voluntate
926 3122 1029 3178 iterum
1043 3138 1114 3195 pec·

80 3206 167 3267 crudi
187 3205 324 3280 confiteri,
345 3222 432 3281 quam
452 3212 556 3265 tacere.
598 3203 800 3266 NOVICIUS:
823 3205 938 3281 Quare?
981 3205 1115 3267 MONA-

80 3292 203 3354 CHUSz
225 3292 300 3369 Quia
319 3298 454 3368 peccator
466 3295 495 3350 in
510 3293 686 3352 consessione
700 3293 890 3353 aconfessore
911 3310 963 3368 per
983 3310 1115 3369 poenam,

80 3396 158 3458 quae
177 3385 298 3456 peccato
320 3378 448 3454 debetur,
469 3386 590 3439 terreum
611 3386 640 3439 et
660 3381 812 3455 avertitur,
833 3379 1002 3440 admonetur
1024 3387 1052 3440 et
1069 3383 1115 3439 in-

100 3562 410 3635 1)cor.11,12,r.-
438 3565 470 3633 2)
488 3563 508 3618 0
526 3563 575 3616 edd
593 3579 673 3631 quae
690 3555 828 3616 vocatur
844 3563 1012 3617 colemies.
1031 3594 1063 3605 -
1081 3565 1115 3633 3)

149 3633 218 3689 Ata
266 3634 404 3687 roitciet.
423 3663 456 3674 -
483 3633 637 3701 i)idichac.
656 3635 691 3697 7,
719 3634 759 3685 19.
779 3662 809 3673 -
838 3634 909 3700 5)n
935 3650 992 3701 per
1017 3634 1114 3686 ulium

151 3650 358 3773 Proptotam,
375 3703 488 3755 {seium
507 3703 653 3767 scilieet,
670 3703 691 3755 D
709 3719 766 3770 per
782 3703 975 3770 Prophetam
993 3704 1116 3768 isaiam,

151 3772 248 3843 opor
263 3772 360 3827 alium
376 3772 576 3841 Propheiam.
596 3802 626 3814 -
646 3773 678 3842 6)
695 3771 786 3826 Erech.
806 3774 847 3839 18,
865 3773 907 3828 31.
