2460 4162
408 214 464 275 DE
487 213 763 277 CONFESSIONE.
1042 217 1101 276 137

89 320 131 423 Ῐθθ,
156 332 189 395 id
215 342 274 411 ost,
301 343 421 412 peccata
443 337 569 398 Creatori
597 356 649 397 suo
677 335 836 397 contraria?
879 337 995 396 Timens
1016 337 1103 396 homo

91 408 127 469 ¹¹10
146 428 281 494 peccator
308 427 385 483 vitae
414 442 483 483 suae
511 425 595 483 simul
623 430 652 484 et
671 422 688 505 ¹)
710 428 837 499 animae,
866 430 895 482 et
925 431 1041 501 propter
1071 441 1104 484 se

93 508 176 583 onae,
194 510 264 569 alios
293 511 444 586 periclitari
473 512 667 586 considerans,
701 514 820 570 surrexit
849 517 877 569 et
898 513 950 568 ait:
977 510 1103 586 Audite,

92 577 188 671 flaua,
212 596 318 656 audite.
361 597 392 657 Si
413 604 529 674 propter
549 605 670 674 peccata
690 604 845 673 tempestas
866 597 939 656 haec
962 604 1024 656 orta
1046 603 1103 672 est,

10 744 13 765 ‚
90 680 137 742 ⁰80
157 685 263 757 occasio
285 701 351 742 sum
371 687 443 743 tanti
461 685 590 760 periculi.
632 685 715 761 Rogo
737 691 770 743 ut
791 684 919 755 ,audiatis
947 685 1103 743 consessio-

85 766 149 821 nem
165 786 262 829 meam.
305 770 480 830 Tacentibus
502 771 633 830 omnibus
656 773 750 846 coepit
771 788 843 830 voce
865 770 962 828 valida
992 777 1104 830 tantum

82 853 215 915 vluenum
234 863 419 932 peccatorum
441 864 636 932 evomerent
657 875 739 917 aures
761 858 903 915 humanae
926 859 1011 915 etiam
1032 856 1103 915 hor-

76 938 169 999 ferent
186 942 293 1002 audire.
335 942 411 1002 Mira
433 944 582 1003 clementia
598 944 663 1003 Dei.
706 944 776 1003 Mox
797 951 830 1002 ut
851 961 976 1002 massam
996 945 1127 1023 iniqui-¹

72 1012 147 1083 etta
162 1044 210 1105 per
231 1030 437 1089 confessionem
460 1033 556 1105 eiecit,
584 1048 663 1089 mare
684 1031 778 1090 furens
800 1031 890 1104 siluit,
913 1036 941 1088 et
961 1031 1038 1089 lacta
1059 1036 1104 1089 est

68 1100 261 1190 humiditas
281 1134 395 1193 magna,
417 1119 457 1175 ita
478 1124 510 1175 ut
532 1134 630 1175 omnes
653 1120 827 1176 mirarentur.
870 1117 951 1174 Miris
972 1115 1103 1176 miranda

63 1198 237 1261 ”ommno
280 1202 383 1262 Statim
404 1209 437 1261 ut
458 1205 540 1262 navis
561 1203 599 1262 ad
619 1204 685 1262 litus
707 1207 844 1279 pervenit,
865 1203 963 1262 audita
983 1209 1103 1277 peccata

60 1266 157 1347 Deus
181 1288 217 1349 de
238 1280 381 1348 memoriis
394 1286 415 1368 ²)
437 1290 613 1366 singulorum
642 1289 754 1349 delevit.
796 1290 876 1349 Beue
896 1291 1038 1366 permisit,
1070 1295 1104 1348 ut

59 1370 208 1433 luamdin
229 1381 310 1435 erant
329 1378 359 1434 in
387 1379 455 1435 navi
484 1376 608 1435 conclusi
620 1373 655 1455 ³),
682 1377 900 1436 confunderetur
927 1379 956 1435 in
984 1381 1104 1452 aspectu

57 1440 196 1545 ‚florum
226 1468 256 1521 ct
283 1480 320 1522 ne
350 1471 484 1523 exeuntes
511 1463 582 1522 forte
604 1465 665 1522 eius
686 1471 806 1539 peccata
826 1463 1022 1539 propalarent,
1055 1461 1103 1522 rel

58 1546 302 1624 mnmperaent,
322 1549 432 1608 induxit
454 1552 494 1609 eis
516 1549 696 1608 oblivionem.
739 1551 819 1609 Bene
840 1553 1015 1608 retinuerunt
1028 1567 1059 1608 se
1072 1552 1102 1608 in

58 1632 146 1691 mari
173 1635 260 1694 fuisso
286 1636 474 1711 periclitatos,
506 1636 650 1695 hominem
677 1636 783 1711 aliquid
811 1637 896 1695 fuisse
926 1637 1101 1711 confessum,
1196 1635 1202 1647 ‘

61 1708 123 1772 ⁸⁰ss
146 1721 214 1797 quid
230 1721 354 1796 dixisset,
375 1741 490 1798 prorsus
512 1725 723 1800 ignoraverunt.
765 1722 803 1780 Et
823 1723 879 1781 hoc
900 1726 993 1798 ipsum
1005 1722 1103 1781 didicit

65 1806 273 1875 exparimento.
315 1807 518 1869 NOVICIUS:
547 1809 641 1868 Valde
662 1808 816 1867 laetificant
836 1812 905 1885 ista,
928 1808 978 1867 sed
999 1811 1102 1866 mirum

68 1878 190 1971 fldem,
211 1894 290 1971 quod
311 1896 348 1953 ob
370 1898 455 1954 unius
477 1896 598 1954 hominis
619 1901 739 1970 peccata
752 1895 894 1954 Dominus
916 1902 1025 1954 tantam
1039 1902 1102 1955 tur-

10 2008 12 2013 ·
72 1964 153 2039 bavit
171 1981 389 2040 multitudinem.
432 1981 663 2042 MONACHUS:
692 1983 828 2059 Legimus
856 1988 971 2058 propter
997 1984 1102 2041 inobe-

80 2048 207 2127 &cruam
228 2066 323 2127 Jonae
344 2085 422 2127 mare
443 2070 597 2143 turbatum,
619 2076 648 2127 et
658 2065 681 2148 4)
702 2075 805 2128 nautas
826 2069 1013 2145 periclitatos,
1035 2068 1102 2127 illo-

83 2156 132 2219 qus
150 2157 256 2230 eiecto,
277 2172 345 2214 mox
366 2172 444 2214 mare
466 2158 577 2214 stetisse
598 2173 617 2214 a
637 2156 748 2215 fervore
770 2172 831 2214 suo.
873 2155 948 2214 Nam
969 2158 1042 2214 sicut
1063 2155 1101 2215 ob

86 2238 156 2301 linlus
188 2241 312 2301 hominis
346 2249 496 2316 peccatum
531 2240 684 2317 aliqnando
717 2243 858 2301 Dominus
893 2243 1103 2301 multitudinem

86 2324 263 2403 tmmrmter
284 2328 401 2404 affligit,
432 2330 473 2388 ita
494 2336 609 2405 propter
630 2332 713 2387 unius
735 2332 801 2387 iusti
821 2331 922 2387 merita
942 2330 1103 2403 frequenter

84 2412 166 2475 num
186 2416 287 2492 parcit
311 2415 376 2473 ·De
404 2415 460 2473 hoc
488 2415 611 2492 plurima
638 2415 780 2474 habentur
806 2416 944 2490 exempla.
987 2414 1103 2475 NOVI-

82 2494 175 2563 01⁰8:
203 2500 270 2561 Seio
297 2501 367 2560 nihil
394 2501 455 2560 lieri
483 2504 544 2560 sine
565 2504 640 2561 iusto
662 2502 718 2561 Dei
746 2500 865 2577 iudicio,
894 2502 946 2560 sed
973 2518 1103 2562 summae

77 2586 166 2647 iudico
188 2605 251 2647 esse
275 2587 449 2662 dementiae,
471 2587 549 2663 quod
569 2588 656 2647 bomo
678 2591 769 2647 sciens
791 2606 822 2647 se
845 2606 906 2648 esse
927 2592 956 2646 in
977 2591 1103 2662 peccatis

74 2674 251 2749 mortalibus,
288 2674 421 2752 periculis
455 2692 487 2734 se
516 2674 603 2733 audet
638 2678 821 2734 committere.
863 2673 1102 2734 MONACHUS:

71 2758 182 2838 Quibus
202 2768 273 2821 nota
294 2769 337 2821 est
365 2761 506 2820 medicina
535 2761 733 2837 confessionis,
761 2779 814 2821 nec
843 2779 901 2820 una
927 2760 972 2819 die
999 2762 1104 2820 morari

68 2846 177 2909 debent
196 2850 225 2906 in
246 2849 381 2924 peccatis,
402 2865 496 2923 neque
511 2848 621 2907 differre
644 2849 857 2922 consessionem,
878 2850 932 2906 nisi
946 2850 1103 2907 necessitas

66 2933 204 2995 excludat
226 2935 415 2994 confessorem
428 2932 457 3015 ⁶).
500 2933 578 2993 Audi
590 2925 636 2994 de'
647 2935 703 2993 hoc
715 2934 850 3010 Episcopi
865 2934 1013 2994 cuiusdam
1033 2951 1102 2995 ver·
1211 2954 1224 2967 ¹

65 3022 140 3083 bum
161 3022 278 3097 bonum,
298 3022 418 3081 verbum
439 3028 578 3097 sanctum,
600 3022 720 3082 verbum
741 3024 877 3082 momoria
899 3021 1102 3098 dignissimum

81 3499 267 3573 noiomo
293 3500 352 3553 ille
378 3502 467 3555 vitae
495 3519 572 3555 suae
594 3504 720 3570 pariter
743 3511 781 3554 et.
801 3534 832 3542 -
857 3503 889 3570 2)
907 3501 927 3554 0
944 3503 1101 3554 memoria.

137 3600 171 3611 -
190 3571 223 3637 3]
239 3570 259 3623 Ο
277 3572 412 3636 inclusi,
429 3582 456 3624 et
474 3573 548 3640 paulo
567 3582 624 3640 post
642 3582 829 3639 conspeetu.
844 3600 874 3612 ·-
895 3573 927 3637 4)
945 3581 976 3623 et
993 3589 1033 3625 om
1051 3571 1101 3624 BC.

137 3670 170 3681 -
190 3640 222 3709 5)
238 3639 279 3693 ΒΡ
296 3643 545 3695 confessionem.
562 3642 651 3695 llonril.
669 3643 709 3695 lll.
728 3658 752 3709 p.
764 3643 827 3696 154:
846 3640 985 3709 ,modicum
998 3641 1102 3709 prodest

135 3708 221 3763 cortu
245 3713 376 3777 contritio,
410 3712 453 3765 ubi
479 3728 529 3765 non
560 3715 672 3780 seqnitur
697 3714 748 3765 oris
774 3712 916 3774 confessio,
949 3727 1031 3780 neque
1055 3726 1101 3778 pro

136 3780 204 3833 lucto
220 3780 379 3849 reputabitur
396 3782 527 3849 voluntas,
554 3784 601 3835 nisi
619 3783 788 3835 confessorem
806 3782 922 3835 excludat
939 3783 1100 3837 necessitas.“
1184 3820 1188 3827 .
