2460 4162
399 284 401 293 ,
430 239 485 299 ΒΕ
506 238 795 302 SIMPLIOITATE.
1064 242 1125 302 345

92 378 202 439 scupus
220 362 486 438 temporequodam
499 363 595 438 plures
616 380 652 422 ex
673 360 778 423 sanctis
799 363 928 439 patribus
944 361 960 443 ¹)
982 363 1019 422 ad
1041 378 1137 439 pran··

93 449 175 509 dium
193 450 351 524 invitasset,
373 451 470 524 eisque
492 466 590 508 earnes
605 467 640 508 ex
654 451 756 509 avibus
778 453 966 526 apposuisset,
988 452 1130 525 putabant

95 553 129 597 se
150 552 251 595 omnes
272 536 350 595 olera
371 535 533 610 comedere,
561 537 652 595 donee
681 538 718 595 ab
739 539 802 612 ipso
823 538 967 613 proditum
988 545 1031 595 est
1053 537 1130 611 quod

95 625 261 700 appositum
280 622 380 681 iuerat
422 623 488 681 Non
510 625 585 681 enirn
607 630 668 681 erat
686 623 741 682 illis
762 627 841 682 visus
863 641 929 682 cum
949 630 1035 699 gustu
1046 624 1130 682 abla-

95 716 153 785 tus,
171 709 225 769 sed
246 716 362 785 propter
390 711 537 768 caritatem
563 712 761 785 ministrantis,
794 711 928 770 divinitus
956 714 1130 770 immutatus.

95 795 196 857 Simile
216 813 292 871 pene
314 799 372 872 egit
385 796 515 854 dominus
528 796 675 855 Ensiridus
684 794 705 876 ²)
726 798 862 856 Decsnus
884 800 974 856 sancti
996 796 1130 856 Andreae

94 884 272 959 temporibus
299 886 378 942 meis.
427 882 493 942 Hoc
515 886 601 942 etiarn
621 886 748 956 noveris,
779 885 856 958 quod
879 902 914 942 ex
936 884 1130 943 dissuetudine
1183 901 1186 913 “

94 966 244 1048 screnum)
267 969 442 1028 discernendi
463 972 535 1028 inter
557 971 635 1028 cibos
657 973 753 1045 gustui
774 964 926 1028 niinuatur.
945 980 951 991 ·
968 971 1033 1029 Non
1056 973 1130 1030 enim

94 1057 234 1115 mirumsi
245 1056 374 1115 dominus
385 1056 568 1115 Theobaldus
579 1055 681 1114 Abbas
695 1057 911 1131 Eberbacensis,
933 1059 981 1131 qui
1002 1060 1031 1115 in
1046 1061 1131 1131 quin-

94 1144 234 1220 quaginta
259 1160 311 1202 sex
331 1145 427 1218 annis,
456 1144 609 1229 quibuan
642 1142 739 1201 ordine
760 1143 827 1217 fuit,
855 1142 1002 1218 nunquam
1030 1161 1130 1203 carnes

94 1229 231 1304 comedit,
251 1230 381 1305 subtypo
392 1232 512 1304 piscium
521 1229 582 1287 illas
591 1229 775 1306 comedendo,
795 1229 854 1289 salli
871 1233 1019 1305 potuisset
1040 1230 1131 1290 Prae·

95 1315 191 1375 dictus
201 1318 277 1375 onim
286 1315 434 1374 Eustridus
444 1334 496 1390 pro
506 1317 607 1374 rumbo
623 1317 770 1375 monachis
783 1320 1033 1399 cemes-apposuit,
1053 1325 1081 1375 et
1091 1317 1130 1374 illi

95 1400 291 1463 comederunt.
333 1401 535 1462 NOVICIUS:
559 1402 664 1460 Casum
686 1403 763 1462 hunc
783 1404 895 1479 plenius
917 1421 1002 1462 nosse
1018 1404 1131 1462 vellem.

95 1487 332 1548 MONAGHUS:
356 1490 417 1548 Viri
439 1489 523 1547 huius
544 1489 714 1549 venerabilis
735 1493 795 1549 vita
816 1493 901 1548 tantis
922 1490 1131 1550 misericordiae
1175 1540 1182 1561 ,

96 1576 233 1653 oporibus
256 1578 361 1634 exstitit
382 1582 490 1650 ornata,
511 1582 543 1633 ut
563 1575 648 1651 digna
669 1579 704 1636 sit
725 1579 792 1651 poni
814 1594 899 1652 super
920 1577 1131 1636 candelabrum.

97 1662 206 1722 Cusum
228 1661 264 1720 de
287 1679 343 1737 quo
366 1665 487 1737 quaeris,
509 1662 668 1737 etreliqua
697 1666 757 1721 eius
780 1679 882 1738 opera,
905 1680 979 1737 quae
1001 1671 1130 1738 exparte

96 1748 173 1823 vidi,
205 1756 235 1808 et
263 1766 299 1807 ex
326 1756 407 1824 parte
437 1748 499 1807 aliis
520 1749 703 1808 referentibus
726 1749 825 1823 didici,
854 1749 913 1807 fida
934 1751 985 1807 tibi
1006 1749 1131 1825 pandam

97 1835 245 1897 relatione.
287 1835 322 1894 In
352 1835 451 1894 eadem
482 1839 555 1894 enim
585 1835 720 1911 ecclesia,
752 1839 781 1893 in
814 1853 871 1910 qua
897 1836 1032 1895 Decanus
1064 1837 1131 1910 suit,

95 1921 194 1981 literas
226 1921 325 1996 didici,
357 1928 386 1981 et
411 1927 538 1997 poenitet
565 1939 612 1981 me
633 1939 709 1982 nunc
742 1922 777 1981 de
800 1925 860 1981 eius
889 1924 1041 1982 virtutibus
1071 1934 1131 1982 tam

96 2024 194 2085 pauca
208 2010 402 2085 investigasse.

468 2198 700 2258 CAPITULUM
729 2199 767 2258 V.

127 2318 201 2381 Vita
222 2320 333 2379 domim
353 2320 488 2396 Easfrtdi
508 2322 624 2380 Decoat
644 2324 739 2379 eoacti
759 2321 898 2380 Andreae
919 2324 951 2380 ric
974 2320 1105 2380 Colonia.

164 2440 256 2519 Igitur
283 2442 430 2501 Ensiridus
453 2442 488 2501 de
508 2441 683 2517 Episcopatu
712 2441 872 2502 Coloniensi
900 2442 1035 2502 oriundus
1063 2444 1128 2516 suit,
1158 2496 1162 2504 ,

98 2530 145 2587 vir
163 2528 284 2604 simplex
306 2536 335 2588 et
355 2536 448 2588 rectus
472 2535 499 2587 ct
519 2531 549 2585 in
570 2528 778 2587 misericordiae
800 2530 933 2605 oporibus
953 2531 1132 2604 praecipuus.

100 2614 285 2695 Qualis-eius
306 2619 366 2675 vita
387 2622 452 2675 ante
474 2615 665 2674 sacerdotium
686 2616 786 2689 iurarit,
816 2616 863 2674 vel
885 2616 953 2690 quid
982 2619 1010 2673 in
1031 2615 1132 2675 adole-

97 2704 209 2763 scentia
219 2704 315 2779 egerit,
335 2705 440 2762 nescio.
484 2701 568 2776 Quod
585 2708 681 2760 autern
696 2717 760 2759 cum
781 2702 960 2761 illocroverit
983 2708 1132 2761 etconva·

98 2786 185 2847 luerit
192 2786 215 2870 ⁴)
236 2791 387 2864 miseratio,
409 2807 444 2848 ex
465 2785 604 2867 actibus⁵)
630 2789 690 2846 eius
708 2789 892 2862 sequentibus
904 2788 1015 2865 colligo.
1048 2787 1133 2865 Quod

99 2874 200 2935 docilis
220 2875 304 2935 buerit
330 2878 456 2952 ingenio,
481 2875 616 2932 sollicitus
637 2877 666 2932 in
689 2875 837 2949 discendo,
860 2875 976 2934 effeetus
999 2892 1133 2951 compro-

99 2962 189 3021 barit.
231 2961 315 3031 Adeo
345 2965 419 3021 enim
447 2964 476 3019 in
502 2961 657 3037 puerilibus
685 2962 819 3021 fundatus
841 2967 915 3036 erat,
937 2968 978 3036 ut,
999 2965 1073 3021 sicut
1094 2964 1132 3023 ab

100 3064 137 3109 eo
158 3047 271 3123 audiri,
298 3050 409 3108 iuvenis
437 3048 550 3107 scholas
578 3054 703 3124 regeret,
736 3055 765 3107 et
791 3049 928 3125 plurimos
956 3055 1016 3108 tam
1044 3051 1133 3109 verbo

99 3152 188 3212 quam
209 3136 355 3211 exemplo,
383 3152 441 3194 non
470 3135 562 3193 solum
590 3135 628 3194 ad
657 3135 837 3209 discendum,
858 3135 925 3211 ssd,
946 3135 1023 3210 quod
1045 3137 1133 3212 pluris

99 3218 193 3302 αι’),
224 3222 264 3282 ad
292 3223 365 3282 bene
394 3221 549 3281 vivendum
575 3222 746 3281 informaret.
798 3221 952 3281 Ordinatus
983 3212 1133 3297 sacerdos,

99 3308 253 3369 eeclesiam
274 3310 304 3367 in
326 3309 478 3385 Sigcberg,
499 3308 665 3384 parochiam
679 3309 787 3368 scilieet
808 3311 929 3384 bonam,
951 3308 980 3367 id
1002 3316 1057 3383 est,
1078 3311 1132 3369 ob-

101 3394 257 3456 lationibus
277 3398 427 3473 pinguem,
454 3396 608 3472 regendam
637 3399 778 3471 suscepit,
798 3397 827 3454 in
850 3413 908 3471 qua
928 3398 1076 3455 scientiam
1103 3399 1133 3455 in

98 3488 198 3542 acturm
223 3482 363 3559 produxit
405 3482 487 3541 Foris
515 3499 572 3540 non
600 3484 704 3542 mansit
732 3484 914 3559 peregrinus,
947 3485 1050 3541 ostium
1072 3485 1133 3541 cius

120 3668 152 3737 i)
170 3667 190 3721 s
208 3667 366 3721 iratribus
389 3669 524 3721 sauciis.
545 3698 575 3708 -
598 3668 631 3733 2)
649 3668 689 3722 BG
711 3667 875 3722 liufridus.
894 3698 927 3709 -·
945 3669 978 3737 3)
996 3667 1016 3721 G
1037 3669 1133 3721 etiarn

171 3737 213 3789 iit
234 3754 273 3791 ex
299 3738 532 3790 dissuetudine
561 3737 643 3806 quod
669 3739 818 3792 scientis.
837 3768 869 3779 -
893 3738 926 3807 t)
950 3738 1034 3790 lcht
1058 3754 1088 3806 pr
1111 3739 1133 3790 Λ

171 3806 345 3861 coaluerit.
364 3837 397 3847 -
421 3808 453 3877 5)
477 3807 539 3861 acu
558 3808 651 3860 actis.
675 3837 706 3849 -
724 3809 757 3877 6)
779 3807 844 3859 ADP
866 3815 945 3860 eut.

797 3878 875 3955 ia*
