2460 4162
405 213 461 274 nu
482 184 751 275 usurariouuss
1033 158 1092 275 lo}

50 339 160 398 ceteris
189 334 295 397 dilexit
338 334 421 397 Haec
451 336 488 396 de
516 338 588 397 vitio
620 336 745 397 invidiae
772 352 825 412 pro
855 336 985 412 exemplo
1015 336 1092 396 dicta

48 427 123 485 sint.
165 423 231 485 Hoc
253 424 355 482 vitium
376 426 444 499 quia
473 426 574 483 ceteris
594 422 676 498 Deo,
706 425 755 500 qui
784 425 887 482 caritas
917 430 961 483 est
976 420 1001 504 ¹),
1028 424 1094 499 plus

48 510 256 573 videturesse
279 513 460 585 eontrarium,
481 511 585 570 idcirco
608 511 645 570 ab
669 512 747 570 omni
762 510 878 570 homine
900 512 992 588 magis
1015 518 1094 571 eete-

50 600 93 658 ris
115 599 195 657 vitiis
216 604 261 657 est
283 595 441 656 vitandum.

387 784 620 855 CAPITULUM
632 785 774 873 ,xxvu

347 909 395 967 De
417 908 531 967 accidia
553 915 581 968 et
599 907 717 984 filiabus
740 911 809 969 cius.

68 1060 75 1081 ¹
120 1047 232 1125 Quarto
258 1047 323 1107 loeo
351 1050 466 1123 ponitur
494 1046 618 1121 accidia,
652 1064 727 1123 quae
741 1049 823 1129 ‘viris
854 1048 992 1125 religiosis
1021 1049 1094 1108 solet

52 1150 121 1195 mo
148 1137 219 1195 sads
246 1135 417 1210 importuna.
459 1132 663 1194 NOVICIUS:
694 1134 768 1209 Quia
795 1151 901 1194 nomen
928 1135 1012 1194 huius
1033 1138 1094 1193 vitii

52 1220 266 1297 auqurntulum
298 1222 421 1281 barbare
468 1226 565 1294 sonat,
603 1220 672 1296 quid
706 1224 743 1280 sit
775 1221 899 1296 accidia,
938 1222 986 1282 vel
1017 1223 1093 1282 unde

54 1306 177 1384 dicatur,
199 1310 272 1367 seire
293 1307 432 1367 desidero.
474 1305 710 1366 MONAOHUS:
731 1307 853 1368 Accidia
868 1315 911 1368 est
934 1326 969 1369 ex
991 1310 1092 1368 coniu-

55 1396 137 1454 sione
157 1397 262 1454 mentis
282 1401 353 1453 nata
373 1395 500 1469 tristitia,
522 1396 584 1452 sive
605 1393 747 1469 taedium,
776 1402 805 1453 et
826 1396 984 1454 amaritudo
1007 1398 1092 1455 animi

56 1480 253 1556 immoderata,
276 1498 334 1556 qua
354 1480 514 1540 iocunditas
536 1481 669 1556 spiritalis
692 1483 891 1557 exstinguitur,
919 1489 947 1541 et
968 1482 1093 1557 quodam

61 1566 262 1644 desperationis
275 1570 442 1643 praecipitio
456 1584 537 1626 mens
550 1569 580 1625 in
594 1570 747 1643 semetipsa
760 1569 940 1628 subvertitur.
981 1570 1093 1628 Dicitur

63 1660 155 1714 mtem
176 1654 294 1730 accidia,
316 1657 399 1729 quasi
414 1652 515 1728 acidia,
537 1670 571 1712 eo
594 1653 672 1729 quod
693 1651 807 1733 opora²)
830 1655 987 1730 spiritualia
1007 1657 1091 1715 nobis

10 1744 12 1757 '
67 1740 142 1801 scida
168 1740 271 1801 reddat
299 1748 329 1800 et
355 1740 485 1816 insipida.
527 1740 575 1800 De
605 1759 662 1816 qua
688 1758 740 1816 per
763 1741 946 1800 Salomonem
975 1741 1092 1802 dicitur:

71 1824 169 1887 llutos
189 1831 312 1887 rendra
324 1827 439 1887 tributis
460 1831 565 1886 serviet
573 1824 604 1900 ³).
628 1827 717 1886 Item:
738 1828 866 1902 Piprum
889 1829 985 1887 deiicis
1005 1832 1092 1887 timor

74 1914 186 1974 ibono
226 1930 328 1990 opere3
360 1917 479 1972 animae
518 1921 619 1973 auterre
658 1914 894 1990 effeminatorum
926 1919 1053 1974 anticos
1064 1913 1091 1993 ).

75 1993 137 2059 olet
162 2003 250 2061 etiarn
279 2001 316 2060 de
347 2017 382 2060 ea
408 2000 534 2060 Seneca:
567 2001 683 2077 Moatra
704 2005 823 2060 iactura
844 2009 900 2074 cet,
934 2020 1011 2077 quoe
1038 2021 1092 2077 per

77 2087 263 2163 telicentium
281 2087 316 2164 fit
324 2084 356 2158 ὅ).
397 2085 535 2146 Accidiae
563 2090 624 2147 sive
656 2089 786 2146 tristitiae
812 2090 983 2165 propagines
1012 2095 1091 2164 sunt,

77 2170 170 2249 uelitis,
183 2191 295 2249 rancor,
308 2173 534 2249 pusillanimitas,
548 2173 715 2249 desperatio,
730 2181 827 2250 torpor
841 2179 916 2235 cirea
929 2183 1091 2251 praecepta,

78 2262 186 2337 ungam
197 2263 302 2320 mentis
316 2263 391 2320 cirea
411 2261 517 2320 illicita.
558 2260 680 2321 Accidia
691 2261 795 2320 multos
813 2268 913 2338 tentat,
936 2269 964 2321 et
985 2263 1090 2321 multos

77 2352 115 2413 let
137 2346 361 2424 desperationem
388 2350 566 2424 praecipitat
619 2346 822 2408 Novioius:
852 2349 898 2408 De
934 2352 1091 2408 tentatione

77 2421 142 2493 holus
166 2436 228 2493 vitii
257 2434 388 2510 exempla
416 2436 581 2512 subiungas.
631 2433 866 2496 MONACHUS:
895 2436 974 2495 Audi
1004 2453 1090 2512 quam

77 2510 306 2596 dpeuculosum
327 2519 437 2581 accidia
458 2523 565 2581 vexari.

359 2711 593 2772 emmenum
608 2709 793 2793 xxvnis)

158 2834 206 2893 Dc
226 2835 387 2907 monacho,
409 2853 496 2911 quem
517 2835 630 2893 accidia
650 2852 712 2894 noro
733 2833 847 2895 sistebat
867 2852 988 2909 surpere

481 2922 523 2980 ad
542 2923 667 2997 oipdias.

123 3038 297 3101 Monachum
325 3040 469 3116 quendam
491 3041 637 3118 diabolus,
666 3045 740 3102 sicut
762 3043 853 3102 exitus
875 3042 1022 3117 probavit,
1050 3044 1091 3102 ita
1118 3108 1121 3113 ,

77 3124 230 3188 nudorum
252 3126 422 3203 reddiderat,
439 3134 472 3188 ut
494 3132 624 3204 quotiens
647 3136 722 3189 esset
744 3128 782 3187 ad
792 3131 947 3188 matutinas
969 3146 1091 3206 surgen-

77 3200 139 3288 dum,
164 3216 263 3275 statim
291 3231 327 3275 ox
349 3215 474 3290 quadam
495 3215 727 3292 pusillanimitate
749 3222 778 3276 et
805 3218 905 3275 timore
929 3216 1090 3292 vigiliarum

75 3296 159 3361 More
185 3301 411 3378 perfunderetur.
475 3302 585 3362 Putans
610 3301 703 3384 esse⁵)
726 3320 762 3363 ex
783 3302 959 3376 infirmitate,
988 3305 1090 3378 iacuit,

74 3388 182 3448 imbus
203 3405 236 3449 se
259 3391 385 3465 operuit,
413 3395 443 3449 et
474 3392 548 3448 sicut
570 3392 687 3462 ostium,
716 3389 875 3450 seeundum
902 3388 1090 3449 Proverbium

72 3462 229 3549 Sdomonis,
258 3475 383 3536 volvitur
414 3477 443 3535 in
472 3476 586 3537 cardine
615 3494 684 3552 suo,
706 3480 747 3538 sic
774 3479 855 3554 piger
882 3476 929 3536 ille
958 3477 1091 3536 vertebat

82 3639 210 3711 tJJolnn.
226 3642 247 3709 1,
264 3645 291 3707 4,
307 3644 332 3698 8.
356 3675 389 3685 -
407 3645 440 3713 2)
458 3645 478 3698 B
501 3646 614 3698 omnis.
634 3677 663 3687 -
684 3646 716 3715 3)
740 3645 859 3699 Proverb.
879 3646 927 3711 12,
944 3646 986 3698 24.
1005 3676 1037 3684 -
1056 3645 1089 3711 t]

123 3712 244 3853 [roffi
261 3714 458 3838 &za-mli]
475 3715 563 3768 senec.
581 3715 662 3785 Epist.
679 3716 700 3769 l.
719 3746 749 3759 -
769 3718 801 3785 ³)
819 3715 909 3770 llomil.
928 3715 967 3787 lll.
985 3732 1010 3784 p.
1029 3715 1087 3766 lis.
