2460 4162
95 220 135 278 90
385 213 612 278 DISTINCTIO
631 215 814 278 SECUNDA

93 357 153 400 rem
174 340 289 400 solitum
309 338 385 416 flere,
405 357 480 416 pene
501 357 592 415 usque
613 338 651 398 ad
671 339 796 399 mediam
816 344 939 413 noctem,
959 343 993 397 ut
1007 337 1131 398 undem

93 429 196 486 timens
219 426 304 502 capiti
324 443 405 501 meo,
436 429 485 485 vix
511 444 557 485 me
586 425 718 486 cohibere
745 443 861 502 possem
882 443 901 489 a
921 425 999 485 fletu.
1044 424 1131 501 Quae

94 531 160 573 eum
180 513 249 571 mihi
270 513 446 587 mandasset,
476 513 553 588 quod
574 514 625 572 tali
645 520 730 572 nocte
750 516 872 591 gratiam
892 512 970 572 illam
990 510 1131 572 neuma·

93 618 156 658 rum
177 599 246 658 mihi
266 602 460 674 impetrasset,
487 603 589 658 iterum
610 617 741 659 reversus
761 617 826 659 sum
847 598 886 659 ad
907 616 987 674 eam,
1015 604 1048 658 ot
1068 599 1132 658 sci-

93 689 211 746 scitatus
232 703 296 745 sum
317 687 354 744 ab
378 703 427 760 ea,
450 686 562 745 dicens:
590 686 685 745 Dicite
706 686 776 744 mihi
796 689 826 744 in
848 688 980 760 caritate,
1001 685 1131 760 qualiter

93 772 162 831 mihi
184 773 360 832 obtinueritis
381 775 502 848 gratiam
523 773 609 832 illam.
653 772 734 848 Quae
756 773 901 849 respondit
921 773 991 831 milri
1011 771 1069 831 sub
1082 770 1131 832 ΜΒ

92 861 204 919 verbis:
236 859 331 918 Primo
354 859 470 934 quidem
490 859 647 918 Dominum
668 859 770 919 durum
790 862 900 935 iuveni;
929 858 981 918 sed
1003 857 1064 917 dixi
1084 859 1131 919 ei:

93 945 232 1021 Domine,
252 963 310 1005 non
332 945 438 1005 evades
459 963 560 1005 manus
581 963 677 1020 meas,
698 949 752 1006 nisi
772 946 930 1006 monachus
949 945 998 1005 ille
1017 945 1132 1006 hebeat

92 1035 214 1111 gratiam
245 1033 432 1092 lacrimarum.
485 1032 523 1091 Et
551 1035 646 1092 statim
678 1036 820 1093 concessit
845 1034 906 1093 tibi
955 1031 1074 1093 Adiecit
1099 1038 1132 1093 et

93 1122 206 1179 tertium
228 1119 390 1195 exemplum
411 1119 446 1179 de
468 1119 552 1178 simili
573 1121 700 1178 materia.

442 1273 672 1334 CAPITULUM
693 1273 781 1333 XXI.

135 1395 211 1454 Item
233 1396 268 1453 de
288 1397 441 1469 monacho,
464 1399 516 1471 qui
538 1396 628 1540 asagora
650 1395 783 1455 Woitcro
805 1395 928 1455 cundem
949 1397 1084 1470 pradum

549 1499 566 1540 o
588 1486 683 1542 tinuit.

159 1601 241 1678 Alio,
262 1605 367 1680 inquit,
396 1609 538 1679 tempore,
564 1605 664 1680 rogavi
685 1621 774 1662 unum
796 1620 832 1662 ex
852 1601 1000 1661 monachis
1020 1602 1131 1661 nostris

94 1689 187 1749 bonae
209 1692 347 1765 opinionis
368 1692 470 1764 virum,
491 1696 524 1748 ut
544 1696 659 1767 rogaret
669 1689 766 1749 Deum
782 1686 798 1769 ¹)
819 1705 871 1765 pro
893 1706 948 1748 me.
982 1688 1038 1764 Qui
1061 1704 1131 1748 eum

93 1777 164 1834 mihi
186 1776 267 1837 daret
288 1779 446 1853 optionem,
479 1776 548 1852 quid
574 1777 645 1836 mihi
670 1776 774 1836 vellem
801 1794 820 1835 a
846 1772 944 1855 Deo²)
966 1775 1131 1851 impetrari,

93 1864 193 1922 volens
215 1867 352 1924 sermonis
374 1867 435 1925 eius
455 1863 590 1924 fiduciam
611 1865 747 1940 probare,
768 1862 901 1939 respondi
922 1864 963 1921 ei:
994 1861 1074 1921 Volo
1095 1866 1131 1921 ut

94 1950 224 2009 obtineas
244 1951 314 2009 mihi
333 1957 400 2026 post
420 1953 537 2009 missam
549 1948 569 2030 ³)
592 1953 714 2028 gratiam
726 1949 915 2023 lacrimarum,
937 1949 1041 2025 quibus
1054 1963 1130 2024 pee-

96 2041 161 2095 cata
181 2053 247 2096 mea
268 2036 446 2114 deplangam.
488 2037 527 2095 Et
546 2039 675 2112 promisit
695 2037 765 2095 mihi
792 2036 913 2095 multum
942 2033 1130 2095 confidenter.

96 2120 234 2197 Sequenti
255 2122 300 2183 die
322 2141 387 2182 cum
408 2128 474 2198 post
494 2119 629 2203 missas⁴)
651 2140 761 2183 moram
780 2123 904 2184 facerem
931 2129 997 2181 ante
1029 2120 1130 2196 quod-

96 2207 163 2267 dam
185 2208 282 2284 altare,
304 2216 333 2269 et
354 2227 446 2269 essem
468 2209 544 2269 solus
565 2213 743 2286 irroratione,
763 2217 844 2270 tanta
857 2209 926 2268 mihi
939 2209 1020 2268 affuit
1029 2208 1129 2267 abun-

96 2295 193 2354 dantia
213 2295 412 2370 lacrimarum,
433 2300 467 2354 ut
486 2298 611 2356 mirarer.
653 2297 760 2357 Postea
781 2316 846 2357 cum
867 2296 985 2355 vidisset
1005 2310 1053 2354 me
1074 2311 1129 2354 su-

95 2381 241 2459 pradictus
268 2382 441 2458 monachus,
477 2400 594 2459 corpore
623 2384 738 2459 quidem
765 2385 889 2458 invenie,
918 2382 970 2442 sed
997 2381 1130 2441 moribus

95 2468 180 2528 valde
201 2475 344 2545 maturus,
373 2470 466 2545 coepit
487 2471 556 2528 mihi
576 2473 688 2547 signare
700 2467 736 2551 ⁶),
758 2473 782 2529 si
803 2471 877 2530 bene
899 2475 974 2529 osset
994 2485 1130 2543 mecum,

95 2558 216 2632 gratiam
236 2563 339 2615 notans
360 2557 429 2614 mihi
450 2557 591 2616 collatam.
633 2557 696 2634 Ego
717 2560 830 2634 signum
852 2558 913 2616 eius
940 2573 999 2614 non
1018 2554 1130 2614 intelli-

95 2659 182 2719 gens,
215 2649 243 2702 et
264 2650 331 2702 aute
351 2643 479 2702 Priorem
498 2643 579 2703 illurn
600 2644 722 2719 ducens,
751 2645 881 2720 quaesivi
904 2643 971 2718 quid
992 2643 1130 2719 signaret.

96 2728 153 2805 Qui
175 2729 244 2789 dixit
264 2730 345 2789 mihi:
376 2729 523 2806 Numquid
551 2748 610 2790 non
639 2734 752 2807 copiose
773 2729 857 2789 hodie
879 2730 1018 2788 habuistis
1037 2727 1129 2788 lacn-

95 2814 180 2874 mas?
224 2816 317 2892 Quem
339 2834 404 2877 oum
425 2819 651 2894 interrogassem,
673 2820 698 2877 si
718 2817 836 2877 vidisset
856 2834 903 2875 me
922 2817 1129 2891 lacrimantem,

96 2901 255 2976 respondit:
288 2904 365 2962 Estis
393 2920 447 2963 vos
473 2911 533 2965 tam
553 2905 669 2980 stultus,
699 2904 775 2980 quod
803 2906 908 2980 putatis
929 2919 975 2962 me
997 2900 1128 2962 vidisse?

95 2987 158 3064 Ego
180 2990 269 3047 minui
289 2992 471 3066 sanguinem,
499 3008 553 3051 nec
581 2992 660 3051 licuit
680 2991 750 3050 mihi
772 2990 852 3050 dictis
873 2983 999 3069 missis‘)
1021 2989 1129 3048 morari

95 3075 125 3132 in
147 3076 279 3134 oratorio.
321 3076 403 3135 Dine
424 3078 614 3154 interrogatus
635 3095 653 3137 a
673 3095 728 3152 me,
751 3075 894 3153 quomodo
915 3076 985 3134 mihi
1004 3078 1129 3152 gratim

97 3160 218 3219 eandem
239 3163 419 3237 obtinuisset,
450 3164 596 3239 respondit
622 3173 697 3240 pene
725 3167 798 3223 siout
827 3163 990 3239 supradicta
1016 3161 1128 3222 mulier.

96 3247 267 3322 Dominum,
294 3250 398 3324 inquit,
425 3252 516 3325 primo
540 3251 641 3310 durum
662 3253 773 3324 inveni3
802 3249 853 3309 sed
876 3250 932 3308 dixi
952 3249 1005 3307 illi:
1033 3248 1127 3322 Ecce,

96 3334 229 3407 Domine,
250 3351 306 3393 nou
329 3334 469 3395 dimittam
490 3343 527 3411 te,
548 3340 602 3396 nisi
624 3338 711 3396 facias
734 3336 811 3413 quod
832 3353 910 3413 rogo.
953 3335 1007 3393 His
1030 3336 1128 3395 verbis

95 3419 239 3497 placatus,
268 3421 412 3480 exaudivit
431 3440 487 3482 mc.
529 3422 732 3483 NOVICIUS:
760 3423 849 3483 Miror
870 3424 1034 3497 ¹bonitatem
1054 3421 1128 3496 Dei,

97 3507 174 3584 quod
196 3510 237 3566 sic
251 3504 270 3587 ²)
294 3509 357 3584 cogi
378 3514 473 3584 potest
495 3516 524 3568 et
544 3510 607 3568 vult
628 3528 646 3568 a
667 3513 756 3569 servis
778 3513 836 3569 suis
858 3517 887 3569 et
907 3509 1029 3582 ancillis,
1051 3525 1128 3583 quo-

115 3640 422 3711 oenomaum·
450 3643 482 3711 2)
500 3658 515 3694 a
533 3643 595 3696 Deo
613 3661 655 3696 oru
673 3643 700 3696 C.
720 3674 751 3684 -
780 3644 812 3712 3)
829 3645 849 3696 Β
867 3645 987 3696 missas.
1007 3671 1038 3682 -
1056 3643 1090 3711 4)
1108 3642 1128 3695 Ρ

165 3712 352 3835 fflicw'ssd
372 3713 403 3782 5)
421 3711 441 3766 (i
458 3714 663 3781 siguificare.
682 3744 713 3754 -
732 3714 764 3783 6)
782 3713 802 3768 G
820 3714 904 3767 dictu
921 3714 1024 3767 missa.
1044 3742 1074 3789 3-
1095 3712 1128 3780 7)
