2438 4170
124 235 186 293 390
345 228 348 233 ’
444 230 671 294 DISTINCTIO
701 231 836 303 SEXTA
1027 301 1033 311 Ι

125 354 220 414 culum
247 355 347 430 capitis
377 356 421 413 sui
450 354 638 429 complicans,
671 360 769 413 contra
798 358 898 430 pectus
932 353 1035 413 stantis
1063 352 1163 414 leniter

123 444 203 516 iecit,
232 459 305 516 quae
326 459 394 500 mox
416 459 451 500 ac
472 443 496 500 si
516 440 610 516 lapide
632 459 770 517 percussa
791 448 885 515 esset,
917 442 1077 499 interram
1099 458 1164 500 cor-

22 580 24 587 .
124 532 188 588 ruit.
230 528 265 586 In
287 546 344 604 qua
366 528 434 586 dum
455 529 515 587 sine
537 544 623 586 sensu
640 528 815 602 aliquamdiu
828 529 971 603 iacuisset,
994 533 1093 587 erecta
1114 545 1164 604 per

123 615 275 675 fenestram
297 615 371 674 lecto
400 615 567 673 infirmantis
595 617 757 692 contiguam
785 616 939 690 prospexit.
982 613 1023 672 Et
1044 631 1115 674 ecce
1135 617 1164 672 in

125 704 260 762 cimiterio
282 701 433 762 multitudo
449 701 544 760 stabat
558 700 771 777 dextrariorum,
792 697 877 760 sellas
899 700 1055 760 deauratas
1067 702 1164 760 frena·

126 806 181 864 que
203 806 290 847 aurea
318 789 496 848 habentium.
539 787 667 862 Cumque
695 791 723 845 in
744 791 807 864 ipsa
827 789 899 847 hora
910 787 1061 863 praedicta
1083 791 1164 864 virgo

125 877 297 952 agonizaret,
319 877 462 934 sororibus
483 877 599 950 propius
615 875 825 949 accedentibus,
847 874 925 933 clara
942 891 1018 934 voce
1040 874 1164 934 clamare

126 963 234 1037 coepit:
263 961 340 1021 Date
360 962 471 1037 locum,
500 961 566 1021 date
587 960 696 1038 locum3
726 965 808 1021 sinite
830 961 962 1020 dominos
984 963 1057 1020 istos
1080 978 1165 1021 acce·

126 1047 202 1107 dere.
244 1049 364 1107 Viderat
392 1051 466 1107 enim
496 1048 628 1107 cellulam
655 1049 794 1124 repletam
814 1043 944 1123 personis
965 1050 1032 1106 miri
1054 1047 1165 1108 decoris

125 1141 213 1210 atque
245 1134 420 1210 splendoris,
455 1152 577 1210 quorum
608 1139 780 1194 vestimenta
811 1135 951 1194 deaurata
982 1133 1165 1195 videbantur.

126 1221 231 1296 Sisque
260 1222 430 1281 obdormivit
456 1225 487 1281 in
508 1222 642 1281 Domino.
684 1221 886 1282 NOVIOIUS:
908 1221 988 1280 Puto
1010 1221 1164 1300 coelestem

36 1325 37 1328 ’
126 1307 213 1368 fuisse
235 1311 401 1383 exercitum,
430 1311 479 1384 qui
500 1311 623 1367 animam
643 1308 717 1367 illius
740 1308 874 1383 simplicis
896 1308 1022 1367 feminae
1043 1310 1075 1366 in
1098 1326 1165 1369 coe·

126 1395 228 1454 lostam
257 1395 437 1455 deducebant
467 1395 634 1454 thalamum.
687 1393 922 1454 MONACHUS:
950 1394 1036 1454 Bene
1069 1398 1165 1455 sentis.

126 1480 224 1541 Unum
251 1488 345 1540 tamen
375 1489 473 1541 notare
496 1482 600 1557 debes,
629 1481 761 1541 videlicet
789 1481 867 1556 quod
894 1481 1055 1541 infirmaria
1078 1499 1166 1558 equos

127 1568 199 1627 vidit
218 1571 247 1626 in
269 1571 420 1644 cimiteria,
452 1572 575 1628 moriens
602 1586 670 1628 vero
693 1585 858 1627 ascensores
877 1570 908 1625 in
930 1568 1028 1628 domo.
1074 1568 1167 1628 Testis

127 1655 211 1714 huius
243 1657 360 1715 visionis
392 1661 436 1715 est
455 1656 597 1714 Heuricus
618 1655 699 1713 Prior
719 1655 955 1715 Praedicatorum
975 1657 1007 1714 in
1030 1653 1166 1731 Colonia,

128 1744 177 1816 qui
197 1759 229 1803 se
251 1760 316 1802 eam
337 1762 356 1802 a
376 1742 514 1820 praedicti
533 1742 589 1802 loci
600 1743 767 1819 Praeposito
782 1741 926 1829 audivisse
948 1748 1167 1804 commemorat
