2460 4162
432 198 488 300 nn
509 224 799 315 smrnrcrrarn
834 262 835 267 ι
936 194 938 197 ’
1067 241 1128 301 ιιι

95 359 205 423 multae
225 359 318 421 iuerat
338 362 467 438 pietatis:
489 361 625 439 quicquid
645 379 680 422 ex
702 364 743 422 eis
764 364 825 422 sive
841 360 974 422 iratribus
994 362 1055 422 sire
1068 361 1131 422 aliis

95 451 157 510 suis
176 450 278 508 vicinis
298 450 410 515 mittere
431 450 530 523 voluit,
550 455 583 508 ut
604 452 699 508 statim
720 449 917 524 comederent,
937 452 1130 523 norvicum,

97 535 150 596 sed
171 537 298 609 ocenum
317 538 480 594 transmisit.
521 535 649 611 Tantae,
668 543 701 594 ut
721 553 808 612 saepe
830 536 901 610 dixi,
923 537 998 595 circa
1018 552 1130 612 paupe·

98 639 146 682 res
167 623 369 698 compassionis
391 623 444 680 iuit
459 619 492 702 ¹),
520 628 552 681 nt
580 622 751 698 quandoque
777 623 896 696 iaceret,
927 621 1004 698 quod
1024 639 1131 682 secun·

99 708 169 768 dum
190 709 348 768 humanum
368 709 502 768 iudicium
523 710 616 768 minus
637 715 746 768 rectum
767 709 927 769 videbatur.
967 707 1043 768 Civis
1065 710 1131 784 qui·
1164 758 1173 771 .

99 795 167 856 dam
188 795 225 854 de
248 794 379 872 Colonia,
407 798 479 855 sicut
506 797 575 854 mihi
603 795 705 855 retulit
726 796 842 872 quidam
871 812 906 854 ex
934 795 1130 855 sacerdotibus

98 883 191 942 amicti
210 881 354 956 Andreae,
375 900 493 941 uxorem
513 885 656 957 propriam
677 885 770 942 minus
792 883 923 959 diligens,
945 900 1032 958 saepe
1051 881 1131 942 illam

96 969 252 1045 affligebat.
295 970 416 1044 Propter
437 969 515 1044 qnod
534 969 584 1027 illa
604 970 696 1028 iurata
718 975 761 1028 est
786 971 811 1028 ei
832 971 982 1044 pecuniam
1002 971 1031 1026 in
1053 969 1131 1028 bona

98 1058 265 1131 quantitate.
309 1055 362 1114 Oui
383 1074 449 1115 eum
470 1059 587 1114 maritus
609 1057 716 1115 crimen
736 1058 909 1131 imponeret,
937 1062 966 1114 et
985 1057 1050 1130 ipsa
1069 1056 1130 1114 ior-

97 1144 163 1202 titer
183 1147 314 1218 negaret,
342 1145 444 1201 timens
473 1144 511 1202 ab
540 1141 588 1200 illo
618 1142 805 1217 deprehendi,
834 1143 985 1218 pecuniam
1012 1143 1131 1217 proiecit

95 1229 128 1287 in
159 1228 295 1288 cloacam.
336 1220 457 1288 Postea'
472 1229 571 1288 dolens
600 1228 635 1288 de
662 1229 755 1303 facto,
786 1228 824 1288 ad
852 1228 1003 1288 Decanum
1034 1231 1129 1304 venit,

95 1313 203 1375 unum
232 1314 354 1390 iirrtiquc
383 1333 499 1375 causam
525 1332 578 1391 per
606 1315 810 1374 confessionem
845 1317 970 1391 aperuit,
1003 1320 1032 1373 et
1059 1317 1129 1374 sads
1190 1341 1196 1359 ι

95 1408 167 1478 puto
195 1404 288 1460 virum
309 1409 439 1461 sanctum
459 1403 499 1460 illi
520 1404 658 1476 suasisse,
691 1407 724 1461 ut
751 1404 901 1478 pecuniam
929 1403 1030 1461 marito
1059 1417 1129 1477 pro-

97 1487 192 1564 deret;
221 1488 273 1547 sed
303 1491 370 1563 quia
397 1488 445 1547 illa
474 1506 538 1548 cum
566 1492 724 1548 iuramento
751 1495 921 1566 negaverat,
949 1489 1043 1548 iacere
1070 1505 1129 1548 non

96 1574 231 1649 audebat,
252 1577 354 1634 timens
375 1581 490 1651 propter
510 1576 565 1634 boc
587 1576 709 1650 amplius
730 1575 825 1652 affligi.
858 1575 911 1634 Cui
924 1576 1060 1634 Decanus
1081 1591 1129 1634 re-

96 1661 225 1738 spondit:
257 1661 288 1721 Si
309 1668 408 1737 potero
429 1664 580 1736 pecuniam
601 1663 708 1721 habere
729 1665 789 1721 sine
811 1667 893 1736 nota,
921 1663 964 1721 vis
992 1668 1026 1720 ιιι
1047 1661 1129 1720 detur

95 1748 290 1825 pauperibus?
333 1749 454 1808 Dicente
474 1749 531 1823 illa,
552 1748 608 1807 boc
631 1748 798 1807 omnimodis
821 1748 965 1824 desidero;
986 1753 1053 1824 post
1073 1748 1128 1807 ali·
1178 1774 1180 1788 ·

97 1841 175 1911 quot
191 1835 250 1894 dies
271 1836 406 1894 Decanus
426 1835 538 1894 locutus
561 1841 604 1894 est
625 1837 695 1894 ciri:
717 1836 769 1895 Vis
791 1835 861 1893 mihi
880 1835 1024 1894 licentiam
1047 1835 1128 1909 dare,

96 1928 131 1982 ut
150 1923 265 1998 pnrgari
284 1922 388 1981 faciam
409 1922 536 1981 cloacam
556 1928 652 1997 tuam,
674 1928 703 1981 et
723 1924 747 1981 si
768 1921 874 1997 aliquid
896 1921 966 1979 mihi
985 1921 1127 1981 Dominus

96 2009 139 2068 ibi
165 2007 287 2081 dederit,
317 2008 384 2067 inde
411 2007 531 2077 tollam?
559 2007 658 2068 Sciens
685 2008 733 2067 ille
762 2026 827 2068 eum
849 2011 942 2067 virum
963 2004 1127 2089 sanctum²)

97 2111 169 2171 cese,
191 2097 318 2171 cogitans
340 2097 426 2154 etiam
448 2098 515 2170 quia
534 2096 616 2154 Deus
637 2094 743 2170 aliquid
765 2097 790 2154 ei
811 2095 977 2169 revelasset,
997 2095 1128 2155 licentia·
1153 2103 1155 2107 ’

96 2183 148 2241 vit
189 2181 316 2258 Purgata
338 2188 382 2240 est
403 2181 509 2256 cloaca,
530 2184 646 2240 inventa
668 2188 712 2240 cst
728 2183 857 2257 pecunia,
880 2188 908 2241 et
928 2181 1000 2240 infra
1020 2199 1129 2257 paucos
1172 2234 1175 2243 .

98 2267 159 2327 dies
180 2285 231 2343 per
244 2286 346 2327 manns
366 2268 487 2347 hominis
501 2269 556 2327 Dei
570 2269 742 2344 pauperibus
758 2275 883 2344 erogata.
925 2267 1128 2328 NOVICIUS:

96 2354 132 2414 In
158 2355 214 2414 boc
241 2355 304 2414 loco
332 2362 431 2430 posset
459 2354 601 2414 detractor
621 2354 709 2431 figere
731 2354 853 2414 dentem.
895 2353 1128 2417 MONAOHUS:

96 2441 165 2500 Tria
191 2442 323 2501 videntur
351 2459 417 2500 eum
443 2441 490 2501 lric
512 2459 647 2502 excusare
669 2460 688 2502 a
707 2449 837 2517 peccato.
879 2442 1021 2516 Primum,
1050 2441 1129 2517 quod

51 2526 63 2611 J
95 2531 219 2605 pecunia
245 2528 345 2588 eadem
374 2531 447 2587 sicut
468 2531 573 2602 mariti,
601 2530 642 2587 ita
663 2535 691 2587 et
711 2529 833 2588 feminae
853 2528 915 2586 fuit.
957 2527 1128 2602 Secundum,

96 2615 175 2691 quod
202 2623 298 2674 tamen
326 2615 436 2690 perdita
463 2615 528 2689 suit,
564 2632 652 2690 quam
683 2622 799 2690 propter
828 2616 1032 2674 consessionem
1059 2632 1128 2690 pro-

96 2702 163 2762 dere
184 2720 242 2761 non
270 2702 356 2760 licuit.
408 2700 550 2776 Tertium,
584 2701 661 2776 quod
689 2703 862 2776 pauperibus
895 2718 958 2760 eam
980 2699 1128 2760 distribuit.

95 2788 256 2848 Novissime
278 2790 394 2862 canus,
419 2805 493 2863 quae
515 2805 581 2846 eum
602 2788 640 2846 ad
660 2787 716 2846 boc
736 2789 889 2864 instigavit.
932 2787 1031 2846 Solent
1052 2789 1128 2846 enim

94 2874 257 2935 sacerdotes
279 2871 394 2953 saepe³)
416 2875 559 2933 licentiare
580 2874 699 2948 leminis,
720 2881 753 2933 ιιι
773 2876 881 2933 maritis
902 2875 960 2932 suis
981 2875 1076 2933 avaris
1097 2882 1126 2934 et

93 2961 360 3021 immisericordibus
381 2964 492 3036 rapiant
520 2968 549 3020 et
563 2961 766 3037 indigentibus
787 2961 951 3037 largiantur.
993 2961 1074 3019 Fecit
1096 2967 1125 3021 et

93 3048 173 3109 alind
193 3048 330 3124 quiddam
352 3048 429 3123 quod
450 3050 540 3124 magis
562 3043 685 3127 adlinet)
713 3047 882 3123 disputabile
910 3048 970 3105 suit.
1012 3043 1125 3125 Dumr)

92 3134 164 3195 nihil
184 3134 303 3195 haberet
324 3135 362 3194 ad
383 3134 605 3208 comedendum,
633 3137 784 3210 pistrinum
807 3133 925 3192 fratrum
946 3135 1078 3209 intravit,
1098 3140 1128 3193 et

93 3238 160 3282 cnm
182 3229 277 3282 essent
304 3238 394 3296 panes
422 3222 542 3280 ordinati
572 3229 601 3280 et
622 3223 771 3296 compositi
791 3223 820 3278 in
842 3220 942 3279 tabula
963 3220 1000 3280 ad
1023 3220 1127 3296 depor-

92 3308 221 3382 tandum,
244 3310 324 3367 cuius
347 3315 442 3368 essent
461 3308 501 3366 illi
520 3307 568 3368 vel
589 3307 775 3383 illipistorem
795 3309 986 3383 interrogavit
1028 3307 1126 3381 Expe-

91 3394 169 3455 ditns
191 3395 227 3456 de
248 3392 395 3474 singulis⁶)
418 3398 566 3470 apistore,
587 3412 677 3470 panes
697 3395 817 3468 illorum,
839 3411 910 3469 quos
924 3399 1043 3452 noverat
1064 3409 1127 3452 esse

91 3481 210 3558 divitas,
231 3484 260 3541 in
282 3481 399 3542 domum
420 3499 502 3541 snam
523 3482 665 3558 deportari
678 3478 697 3561 ²)
719 3484 815 3556 iussit,
837 3480 947 3540 dicem:
968 3479 1013 3538 Illi
1034 3480 1128 3539 abun·

109 3667 143 3736 1)
159 3666 245 3721 Acbl’
270 3667 387 3720 iuerat.
412 3697 445 3708 -
471 3667 503 3734 2)
527 3665 569 3722 Bc
595 3668 697 3720 virum
723 3675 861 3719 sanctum
889 3681 965 3717 eum.
989 3694 1020 3705 -
1048 3664 1080 3732 3)
1107 3664 1127 3716 Β

161 3737 331 3789 interdum.
351 3767 381 3779 -
401 3738 433 3805 t)
451 3736 507 3788 libri
525 3736 609 3788 hnic.
628 3766 657 3779 -
678 3737 711 3806 5)
729 3735 793 3791 acb
810 3752 895 3799 cuma
917 3734 996 3801 paulo
1010 3733 1137 3809 pesullo

161 3805 199 3858 ad
213 3805 516 3860 manducandam-
528 3806 635 3879 oJltbl’
653 3824 672 3863 a
689 3806 891 3881 singulis-
905 3803 997 3873 'tibia
1012 3801 1158 3851 usnam„
