2460 4162
335 227 338 232 ·
412 183 479 269 'nu
502 208 777 271 conueniens.
848 230 852 243 ·
1080 212 1118 270 ss

132 321 219 403 dead,
242 331 399 405 missasque
421 331 586 392 celebraret.
631 331 725 408 Opere
747 331 867 406 diaboli,
899 338 932 390 ut
960 329 1081 389 creditur
1094 328 1120 410 ¹),

132 410 187 471 ura
201 414 284 475 villam
305 418 359 476 soli
380 419 441 477 sola
462 419 563 478 mulier
585 422 722 494 occurrit,
745 427 774 478 et
795 422 862 495 quia
884 421 944 477 sine
966 424 1038 476 teste
1059 417 1120 491 fuit,

131 496 185 558 tolus
200 519 254 562 cum
273 503 335 567 sola
355 507 494 580 peccavit.
537 506 705 580 Perpetrata
727 507 891 581 culpatam
912 505 1033 580 nefaria,
1061 521 1120 563 non

130 599 175 643 suu
188 593 291 649 retraxit
315 609 334 650 a
360 594 461 650 maiori
488 598 633 651 contemtu
662 596 821 651 accusatrix
849 594 1035 666 conscientia3
1068 590 1119 650 sed

128 674 191 748 mgb
206 679 301 736 limem
315 678 470 737 humanam
484 679 694 754 verecundiam,
716 697 802 754 quam
817 679 943 737 divinam
957 677 1119 752 vindictam,

128 758 237 822 adnm
255 766 384 839 intravit,
415 765 553 840 dictisque
582 768 740 841 matutinis,
768 769 885 824 missam
918 765 954 823 de
985 771 1069 824 nocte
1090 765 1119 822 in

125 846 189 917 pho
204 850 267 927 galli
303 857 402 926 cantii,
431 852 588 910 secundum
616 847 738 927 morem,
767 853 940 911 sollemniter
966 850 1119 910 inchoavit

124 928 413 997 humosanuatione
434 955 504 998 vero
512 935 533 1018 ²)
555 939 639 1013 facta,
660 941 742 1014 panis
764 939 896 998 videlicet
916 941 945 996 in
958 955 1069 1012 corpus,
1091 945 1120 996 et

124 1017 200 1081 ibin
217 1027 385 1101 sanguinem
400 1025 511 1099 Christi,
534 1025 667 1084 columba
687 1028 773 1084 nivea
794 1028 856 1101 ipso
878 1025 1026 1085 sacerdote
1040 1026 1119 1099 aspi·

122 1104 192 1184 dnh,
209 1128 294 1187 super
314 1112 403 1170 altare
426 1112 580 1187 descendit,
601 1119 751 1188 totumque
773 1113 891 1172 ebibens
914 1111 991 1187 quod
1014 1118 1073 1169 erat
1089 1113 1119 1169 in

121 1190 188 1271 aba
205 1205 295 1258 rostro
317 1216 370 1257 suo
391 1199 516 1257 hostiam
536 1198 612 1273 tulit,
636 1205 664 1257 et
685 1200 819 1258 avolavit
863 1198 971 1259 Videns
992 1200 1048 1257 ista
1069 1215 1119 1257 sa-

121 1279 203 1358 adn,
222 1288 306 1360 satis,
328 1287 382 1344 etsi
403 1303 460 1344 non
481 1285 639 1361 salubriter,
662 1293 705 1344 est
725 1288 853 1360 territus,
876 1292 905 1345 et
926 1284 1118 1361 quidiaceret,

119 1378 158 1425 lou
176 1387 274 1447 pamm
304 1372 473 1447 perplexus,
507 1389 645 1432 canonem
685 1380 801 1448 propter
828 1373 968 1448 populum
995 1374 1117 1431 circum-

119 1454 251 1537 hutcm‘),
285 1465 425 1534 quantum
446 1458 484 1518 ad
510 1461 601 1518 verba
629 1466 658 1518 et
679 1462 761 1536 signa
791 1459 956 1535 complevit,
986 1459 1038 1517 sed
1054 1459 1117 1517 fru-

69 1576 74 1621 ,
119 1544 151 1597 th
170 1547 281 1604 canonis
311 1548 410 1604 caruit.
453 1545 524 1604 Post
545 1549 669 1620 missam,
699 1547 857 1605 decantatis
883 1546 1025 1620 laudibus,
1052 1562 1118 1605 cum

69 1630 74 1707 Ι
118 1626 202 1690 theam
222 1630 258 1692 de
279 1649 366 1692 mane
399 1631 516 1707 diceret,
546 1649 579 1691 eo
611 1633 688 1708 quod
715 1649 774 1690 non
801 1633 921 1691 haberet
949 1635 997 1707 qui
1025 1634 1118 1691 vicem

69 1712 73 1769 l
118 1722 174 1775 tm
191 1719 342 1795 suppleret,
365 1718 465 1779 eadem
488 1719 621 1779 columba
641 1720 712 1778 hora
733 1737 791 1794 qua
810 1723 889 1795 prius
909 1722 1011 1778 iterum
1031 1721 1118 1794 venit,

116 1810 294 1865 manentum
316 1806 442 1880 abstulit,
464 1813 493 1864 ct
513 1808 638 1865 recessit.
680 1805 882 1866 NOVIOIUS:
905 1805 999 1881 Quare
1018 1822 1118 1864 exem-

69 1930 72 1971 ,
117 1880 291 1956 *Abrahae
318 1892 502 1952 Patriarohae
522 1910 580 1952 nou
602 1894 699 1969 abegit
720 1889 839 1973 eamq?
882 1891 1116 1952 MONACHUS:

69 2012 71 2031 ι
117 1966 170 2035 lulis
188 1980 320 2039 columba
341 1997 399 2038 non
419 1980 480 2054 fuit,
502 1997 575 2054 quae
597 1980 695 2055 repelli
708 1987 759 2038 aut
773 1981 861 2039 teneri
874 1986 972 2055 posset
980 1976 1010 2060 5).
1041 1980 1116 2038 Puto
1179 2031 1182 2043 .

69 2068 71 2093 ¹
118 2068 162 2119 ten
175 2066 292 2125 similem
313 2066 400 2126 luisse
420 2066 460 2124 illi
482 2067 646 2143 columbae,
674 2084 748 2143 quae
774 2069 803 2126 in
831 2066 974 2142 Jordaue,
1001 2067 1117 2126 vidente

117 2138 234 2228 Jtlonne,
267 2171 355 2228 snper
374 2155 510 2213 verticem
530 2152 636 2235 desu⁶)
658 2154 770 2214 resedit.
812 2152 1013 2214 NOVTCIUS:
1042 2152 1116 2229 Quid

117 2239 267 2299 ludendum
289 2247 333 2300 est
355 2240 390 2299 de
418 2240 467 2300 illa
496 2240 657 2301 columba?
699 2241 806 2300 Eratne
835 2241 956 2316 Spiritus
978 2240 1116 2300 sanctus?

116 2310 319 2387 hilderius:
342 2327 541 2403 Nequaquam,
563 2328 615 2386 sed
635 2327 769 2387 indicium
795 2331 974 2404 praesentiae
995 2328 1116 2403 Spiritus

116 2410 218 2493 'moth
259 2414 390 2496 Peracto,
405 2417 480 2473 enim
501 2417 667 2490 ministerio,
689 2415 727 2475 ad
749 2415 827 2490 quod
848 2433 866 2474 a
887 2414 994 2489 Spiritu
1015 2419 1116 2472 sancto

115 2484 179 2555 duct
197 2508 305 2575 creata,
327 2504 356 2559 in
376 2504 585 2577 praeiacentem
606 2504 754 2561 materiam
775 2508 820 2560 est
840 2501 964 2560 redacta.
1007 2502 1116 2559 Natura

115 2570 238 2647 llV'trilrrtis
259 2605 318 2647 uon
338 2595 434 2664 potest
454 2589 544 2647 oculis
566 2589 759 2663 corporalibus
780 2588 878 2661 videri,
899 2583 985 2667 non⁸)
998 2588 1115 2646 auribus

113 2664 187 2745 uus,
205 2692 262 2734 non
283 2676 415 2735 manibus
437 2678 524 2752 tangi.
566 2676 601 2733 In
623 2677 751 2735 subiecta
773 2682 910 2749 creatura,
931 2681 964 2733 ut
985 2681 1029 2733 est
1041 2675 1115 2750 iguis

112 2754 282 2835 licolmuba,
304 2780 391 2837 saepe
413 2764 492 2821 visus
514 2768 565 2821 est.
607 2760 809 2821 NOVIOIUS:
840 2761 915 2837 Quid
936 2768 1037 2836 postea
1058 2762 1116 2837 egit

111 2846 239 2907 mmor?
281 2848 514 2909 MONACHUS:
536 2849 601 2907 Non
623 2851 745 2908 cessavit
771 2866 789 2906 a
816 2851 1026 2924 praesumtione
1047 2865 1114 2923 sua,

109 2926 147 2985 wll
162 2937 238 2993 terlio
260 2930 400 2995 accedens
421 2936 458 2994 ad
480 2935 569 2994 altare
591 2935 782 2994 celebraturus
803 2937 920 2994 missam
942 2936 978 2995 de
990 2934 1043 3010 die,
1063 2953 1115 3012 per

107 3018 204 3081 andem
224 3022 403 3097 columbam,
425 3040 459 3081 eo
482 3021 566 3081 modo
590 3039 647 3096 quo
669 3024 759 3096 primo
783 3029 812 3081 et
833 3022 974 3097 secundo,
997 3025 1023 3081 ei
1043 3039 1114 3098 puer

103 3110 170 3165 ms
188 3116 397 3168 sacramentum
420 3112 543 3184 corporis
566 3116 594 3166 et
615 3110 760 3184 sanguinis
781 3111 825 3169 sui
846 3111 994 3169 subtraxit.
1034 3109 1113 3167 Tan-

100 3186 153 3251 dem
171 3197 198 3253 in
218 3214 250 3254 se
272 3197 359 3254 miser
369 3191 390 3275 ⁹)
412 3214 555 3268 reversus,
578 3201 607 3254 et
628 3195 664 3254 de
686 3195 788 3271 culpa,
809 3197 876 3256 licet
896 3197 1036 3273 indignus,
1057 3195 1114 3254 Dei

96 3284 179 3341 bnon
198 3284 291 3357 gratia
312 3292 507 3357 compunctus,
528 3284 608 3340 venit
628 3282 666 3340 ad
688 3281 831 3357 quendam
840 3281 987 3343 Abbatcm
1008 3283 1114 3341 ordinis

92 3371 180 3442 muri,
200 3369 407 3428 confessionem
429 3371 455 3427 ci
476 3369 581 3427 faciens
599 3371 670 3427 tanti
681 3372 800 3444 peccati.
833 3369 973 3445 Exposuit
995 3371 1021 3430 ei
1037 3376 1065 3429 et
1083 3366 1112 3448 ¹⁰)

105 3502 181 3588 Qut
207 3502 413 3622 credittnrom
432 3501 510 3626 GE
538 3503 570 3571 2)
588 3519 664 3625 {erg
691 3503 850 3625 om1gll’ii—
877 3505 1062 3626 3)5prcoptor
1080 3534 1111 3587 .—

145 3589 299 3711 glrlcllllnlllso
306 3582 410 3704 :1¹:er
411 3589 470 3695 νΐάῃο1
486 3602 575 3694 urard.
592 3573 626 3706 3,)
637 3589 727 3695 men...
747 3611 780 3708 7']
797 3575 941 3695 c'sanchi
959 3584 1111 3712 Sppidistsrrl::

148 3742 180 3755 -
198 3712 232 3780 8)
249 3712 271 3767 0
286 3727 359 3777 nec,
376 3712 418 3764 hio
435 3721 462 3763 ct
479 3712 554 3779 paulo
572 3720 637 3778 post.
658 3740 688 3753 -
709 3712 740 3780 9)
757 3711 778 3764 B
796 3713 894 3764 miser
920 3712 979 3764 illo
1004 3716 1036 3764 in
1063 3730 1112 3777 se,

145 3782 282 3839 cuim
308 3783 338 3835 in
361 3798 408 3847 se;
425 3782 501 3850 paulo
519 3790 577 3852 post
594 3781 615 3838 C
633 3781 725 3851 culpa
744 3796 809 3835 sus.
829 3811 860 3822 -
880 3782 928 3852 10)
947 3791 978 3835 et
995 3782 1045 3835 add
1062 3783 1113 3836 BC.
