2438 4170
88 198 127 255 st
388 192 615 254 DISTINGTIO
634 192 819 253 SECUNDA

87 334 200 377 omnem
223 317 351 376 ordinem
370 320 413 376 rei
435 334 501 377 eum
522 316 619 375 multis
639 316 779 390 lacrimis,
811 314 944 375 videlicet
963 308 1084 391 quamiss

87 405 172 480 digne
194 407 277 463 tertio
299 404 430 479 repulsus
451 406 488 462 sit
509 422 527 462 a
549 404 651 463 divinis
672 405 866 462 sacramentis.
907 400 1004 461 Abbas
1027 405 1084 461 reti

88 495 161 551 sicut
182 493 227 549 vir
246 492 371 566 prudens
393 499 421 549 et
443 491 595 565 discretus,
628 493 780 549 connitum
808 508 873 548 eum
896 507 931 548 ex
951 495 1008 549 toto
1027 476 1084 547 cord

87 577 287 651 considerans,
309 581 499 653 virtutemque
522 580 696 637 contritionis
715 579 838 653 probare
859 576 976 650 solens,
996 573 1084 634 duda

87 667 291 742 poenitentiam
323 665 483 740 suspendit,
517 672 545 724 et
573 672 605 723 ut
638 667 717 724 ocius
745 667 798 723 iret
827 664 970 723 celebrare
1003 665 1084 721 nuru

87 754 241 827 praecepit.
285 752 337 811 Ille
358 769 427 810 vero
450 755 531 827 quasi
553 751 617 810 Deo
640 751 777 811 obediens
799 751 953 810 consessori
973 766 1030 823 suo,
1047 760 1084 810 cu

88 838 177 898 multo
199 841 300 897 timore
323 835 379 918 οῖ’)
402 839 525 898 lacrimis
547 839 585 897 ad
607 839 696 898 altare
717 841 835 897 missam
856 837 1043 898 celebraturis
1059 850 1084 897 at

88 928 181 999 cessit,
202 942 289 999 quem
309 929 375 1000 pius
396 926 545 1000 Dominus,
569 929 617 1000 qui
638 925 708 984 nihil
728 926 831 985 horum
854 924 932 1000 odit,
954 941 1025 1000 quac
1042 923 1084 983 sco

88 1013 140 1073 sed
162 1012 321 1071 dissimulat
341 1021 462 1088 peccata
483 1013 630 1071 bominum
650 1020 765 1089 propter
793 1008 1035 1090 poenitentiam),
1058 1024 1084 1069 m

88 1099 214 1159 rabiliter
234 1099 408 1158 laetificarit.
450 1099 528 1158 Ante
549 1099 651 1159 horam
671 1102 820 1158 sumtionis
843 1100 977 1159 columba
997 1097 1084 1157 redion

26 1202 28 1209 ·
89 1195 147 1245 tres
169 1187 286 1260 hostias,
307 1204 379 1261 quas
401 1187 564 1263 singillatim
572 1184 593 1267 ³)
615 1187 729 1258 tulerat,
749 1186 835 1245 sbnul
855 1193 946 1246 rostro
959 1185 1078 1244 deierans

89 1273 230 1348 corporali
249 1275 399 1356 imposuit,
429 1281 457 1331 et
486 1276 571 1332 trium
603 1277 754 1333 missarum
782 1274 922 1348 liquorem
948 1273 984 1331 de
1009 1277 1084 1350 guttu

89 1378 141 1420 suo
165 1360 244 1419 calci
264 1362 389 1434 immisit,
410 1377 446 1420 ac
467 1364 593 1419 recessit.
624 1361 735 1420 Videris
756 1360 829 1420 baec
839 1361 998 1436 presbyter,
1018 1354 1084 1435 gaud

89 1447 214 1523 repletus
237 1453 279 1505 est
300 1449 439 1522 maximo,
466 1451 573 1524 gratias
602 1466 690 1524 agens
712 1449 792 1521 Deo,
822 1450 872 1523 qui
899 1448 967 1506 iacit
987 1443 1084 1506 muabil

89 1553 195 1610 magna
216 1534 294 1593 solus
306 1531 335 1614 ⁵).
377 1535 579 1610 Reversusque
601 1536 639 1594 ad
660 1535 825 1609 Abbatem,
859 1535 986 1593 divmam
1006 1536 1030 1593 ci
1049 1548 1084 1592 eo:

90 1621 259 1681 solationem
280 1624 417 1695 recitavit,
440 1619 498 1701 εἴθ)
520 1629 553 1680 ut
574 1624 610 1681 ab
634 1639 668 1681 eo
689 1625 719 1680 in
740 1621 913 1680 monachum
935 1624 1084 1697 reciperetu

90 1708 233 1768 humiliter
254 1709 433 1784 supplicarit.
476 1710 530 1768 Cui
550 1709 825 1785 responditAbbas:
846 1709 912 1768 Non
934 1716 963 1768 te
984 1709 1084 1768 hoctor

90 1814 159 1872 pore
180 1798 347 1872 suscipiam,
376 1796 427 1855 sed
456 1796 523 1855 volo
550 1804 583 1855 ut
609 1814 687 1855 mare
708 1803 852 1871 transeas,
882 1802 911 1854 et
932 1814 984 1871 pro
1005 1809 1084 1870 pecca

91 1891 140 1942 tuo
163 1885 252 1942 tribus
274 1885 355 1942 aunis
386 1885 415 1940 in
443 1883 578 1959 hospitali
603 1883 809 1942 infirmantibus
839 1886 956 1942 servias.
999 1883 1084 1942 Situ

91 1987 222 2043 reversus
244 1971 337 2043 fueris,
357 1970 465 2027 nullam
486 1989 504 2028 a
526 1987 572 2028 me
594 1971 737 2046 repulsam
747 1972 870 2045 patieris.
903 1967 1084 2029 Volebatcm

91 2064 124 2115 ut
144 2073 196 2132 per
216 2057 345 2116 laborem
366 2058 438 2115 tanti
457 2058 564 2115 itineris
586 2063 614 2115 et
635 2059 760 2133 pericula
781 2059 881 2131 maris,
908 2073 1031 2133 poenam
1048 2069 1084 2130 pe

92 2141 176 2221 eati⁷)
200 2142 320 2216 deleret,
354 2148 382 2202 et
403 2160 543 2218 pauperes
564 2143 746 2220 infirmosque
768 2150 884 2218 propter
905 2161 992 2219 opera
1012 2144 1084 2202 miser

91 2231 205 2290 cordiae
237 2231 290 2288 sibi
328 2232 527 2288 intercessores
558 2230 673 2290 faceret.
721 2232 804 2290 Fecit
833 2231 880 2288 ille
915 2231 993 2306 quod
1019 2227 1084 2288 Abb

90 2319 251 2393 praecepit,
274 2323 302 2376 et
323 2322 389 2390 post
408 2322 466 2374 tres
487 2333 577 2375 annos
599 2325 758 2392 revertens,
779 2317 910 2376 habitum
931 2316 1065 2393 religionis

91 2407 152 2464 eius
174 2404 259 2463 domo
281 2405 413 2477 suscepit.
456 2401 659 2464 NOVICIUS:
681 2405 763 2464 Felix
782 2413 948 2479 peccatum,
970 2407 1084 2463 emese

91 2494 204 2550 cesione
236 2496 333 2550 tantus
361 2496 495 2564 peccator
522 2491 561 2549 ad
589 2498 699 2550 tantum
726 2495 855 2568 pervenit
887 2493 1003 2550 bonum.
1042 2482 1084 2546 Mt

91 2577 265 2637 NAGHUS:
287 2577 369 2636 Licet
391 2578 517 2636 mortalis
538 2595 615 2637 noxa
635 2582 665 2638 in
686 2596 717 2638 se
739 2578 822 2637 valde
838 2581 874 2637 sit
884 2579 968 2653 mala,
991 2577 1084 2651 aliqua

91 2665 128 2725 do
150 2673 245 2724 tamen
266 2682 318 2740 per
339 2666 519 2725 occasionem
540 2666 712 2740 quibusdam
734 2665 853 2724 efficitur
884 2666 975 2740 bona,
1008 2664 1035 2721 id
1059 2674 1084 2717 cs

90 2753 174 2812 utilis.
217 2753 331 2812 Timore
352 2754 435 2812 unius
457 2755 568 2828 peccati
599 2753 769 2828 quandoque
791 2753 877 2811 homo
900 2771 918 2810 a
939 2749 1084 2825 meirisin

90 2841 127 2899 ab
136 2835 157 2918 ⁸)
180 2841 313 2899 omnibus
334 2842 459 2916 peccatis
480 2840 623 2899 liberatur.
666 2840 744 2899 Dum
767 2842 842 2898 enlm
873 2857 997 2914 poenam
1027 2841 1084 2896 inrt

89 2934 205 2985 nentem
226 2931 316 3001 timet,
338 2927 487 2987 confitetur
508 2934 537 2986 et
559 2928 652 3002 dolet,
676 2935 705 2986 et
725 2946 776 3001 per
796 2930 999 3002 poenitentiam
1029 2927 1084 2983 totu

90 3012 173 3072 delet.
216 3013 417 3073 NOVICIUS:
446 3015 526 3073 Bene
556 3015 611 3074 lroc
641 3015 718 3090 quod
741 3015 809 3072 dicis
833 3014 973 3088 concedo,
1004 3015 1067 3088 quia

89 3117 176 3157 unam
206 3100 359 3159 deformem
387 3101 529 3160 maculam
561 3105 590 3160 in
624 3108 704 3160 veste
732 3119 796 3160 mea
830 3101 942 3174 videro,
973 3100 1084 3159 occasio:

89 3187 163 3244 illius
197 3194 287 3246 totam
313 3194 424 3245 vestem
450 3188 526 3246 lavo.
569 3188 803 3248 MONACHUS:
834 3187 900 3246 Hoc
927 3195 1023 3246 tannen
1051 3179 1084 3255 etl

89 3273 186 3347 debes,
208 3275 285 3349 quod
307 3274 570 3350 quandoqueDeus
590 3283 710 3350 peccata
728 3276 841 3333 dimittit
854 3275 993 3349 mortalia,
1016 3282 1045 3332 ct
1064 3287 1084 3328 n

90 3362 231 3438 quaedam
253 3361 387 3420 venialia:
410 3361 539 3421 sednon
562 3363 675 3421 dimittit
696 3363 812 3437 aliquod
833 3362 952 3433 veniale,
975 3363 1084 3420 nisisin

108 3565 235 3631 iJCar.
256 3596 286 3606 -
315 3567 345 3633 2]
365 3565 474 3632 Sapient.
496 3567 536 3629 11,
554 3567 596 3618 24.
614 3567 655 3618 25.
676 3594 706 3603 —
735 3565 767 3632 3)
794 3565 814 3617 G
839 3565 1068 3632 singulariter.

158 3635 189 3700 4)
207 3634 248 3687 ci)
266 3637 297 3686 in
323 3644 433 3687 rostro
460 3635 629 3700 deferens,
646 3635 717 3686 Hom.
735 3643 842 3685 rostro
860 3637 1022 3687 referens.
1042 3668 1073 3676 -

158 3704 221 3755 Psal.
242 3705 299 3766 135,
316 3707 341 3755 4.
362 3735 393 3746 -
419 3707 450 3774 6)
468 3715 495 3756 et
518 3722 557 3757 om
576 3704 603 3758 G.
624 3735 653 3745 —
682 3704 714 3770 7)
737 3703 757 3756 G
779 3706 902 3770 peccati
928 3721 1073 3771 poenam.

157 3775 188 3840 8)
206 3775 243 3825 ab
261 3790 301 3825 om
317 3774 346 3826 D.
