2460 4162
143 209 185 271 80
434 203 662 269 DISTINOTIO
679 204 863 269 SECUNDA

144 330 338 404 exfestucavit,
360 326 474 389 diabolo
495 328 652 387 hominium
668 325 684 407 ¹)
704 329 820 388 taciens.
861 318 1048 391 Hcc'scclcrc
1066 342 1178 404 perpo-

143 424 233 491 trato,
256 415 387 475 diabolus
408 415 526 474 adiecit:
548 414 656 474 Adhuc
676 432 748 490 opus
767 414 963 491 imperfectum
984 420 1037 473 est.
1078 412 1179 474 Etiam

144 504 348 563 abrenunciare
370 501 456 561 debet
476 503 560 560 matri
579 500 732 577 Altissimi3
752 502 802 560 illa
823 510 867 560 est
888 503 963 560 enim
984 516 1059 575 quae
1079 503 1179 561 maxi-

143 608 224 650 mum
251 589 334 648 nobis
365 589 448 648 inlert
468 587 613 647 murnum
656 588 736 664 Quos
763 588 839 647 filius
869 605 921 663 per
940 589 1078 646 iustitiam
1098 588 1178 647 aoi-

144 672 214 755 cit2),
235 683 333 750 mator,
356 678 423 751 quia
434 677 518 733 nimis
538 676 696 734 misericors
708 680 760 748 cst,
780 674 819 733 ad
828 674 1034 750 indulgentiam
1054 672 1177 735 redusit.

143 762 275 824 Sibilavit
294 765 398 822 iterum
417 778 535 847 serpens
555 763 585 820 in
606 779 674 820 aure
696 760 903 836 adolescentis,
930 766 963 819 ut
984 759 1100 821 domino
1120 776 1178 821 suo

143 853 173 909 in
193 849 249 910 hoe
270 849 408 923 obediret,
428 855 461 907 ut
475 850 549 908 sicut
569 847 667 922 filium,
688 850 728 906 ita
746 850 831 906 eliam
853 854 882 906 et
902 852 1023 906 matrem
1042 848 1178 925 abnega-

143 944 196 997 ret.
245 934 294 995 Ad
322 936 400 1012 quod
430 936 552 994 verbum
579 936 690 994 iuvenis
718 935 800 993 rumis
829 936 959 1009 expavit,
984 934 1178 1011 turbatusque

142 1022 365 1100 supramodum,
382 1021 539 1098 respondit:
560 1020 783 1096 Hocnunquam
795 1021 906 1079 faciam.
935 1018 1051 1096 Quare?
1071 1022 1178 1097 inquit.

141 1110 262 1171 Fecistis
272 1109 350 1185 quod
359 1112 452 1168 maius
464 1100 517 1183 est,
536 1108 619 1166 facite
632 1126 708 1177 nunc
723 1106 800 1183 quod
812 1109 906 1165 minus
916 1112 968 1165 est
995 1105 1090 1171 Maior
1099 1102 1177 1189 θεῖ’)

143 1204 262 1271 creator,
280 1202 514 1270 quamcreatura.
546 1194 583 1252 Et
593 1194 655 1254 ille:
676 1194 830 1270 Nunquam
843 1211 908 1253 eam
919 1194 1043 1269 negabo,
1062 1194 1177 1255 etamsi

142 1301 190 1344 me
211 1285 366 1359 oportuerit
386 1285 511 1341 ostiatim
531 1281 692 1340 mendicare
712 1298 764 1357 per
785 1297 884 1341 omnes
905 1280 965 1339 dies
984 1282 1061 1339 vitae
1081 1296 1177 1343 motta.

142 1371 182 1429 Et
201 1387 260 1430 non
279 1371 432 1444 acquievit.
474 1367 578 1442 Sicque
598 1369 703 1428 infecto
724 1368 847 1445 negotio,
868 1367 954 1426 ambo
975 1367 1081 1426 reversi
1098 1373 1177 1445 sunt,

142 1457 213 1516 nihil
234 1455 349 1533 quidem
375 1456 491 1514 honoris
514 1458 670 1529 consecuti,
699 1454 751 1514 sed
771 1456 895 1513 maximo
915 1456 1028 1529 peceati
1046 1456 1177 1529 pondero

142 1545 269 1622 gravati,
296 1542 407 1601 villicus
429 1540 594 1616 suadendo,
625 1543 735 1601 iuvenis
764 1539 975 1601 consentiendo.
1016 1541 1177 1616 ragentes

143 1647 211 1689 vero
240 1628 326 1688 simul
353 1634 493 1688 venerumt
521 1628 558 1686 ad
580 1627 725 1703 quandam
752 1626 917 1701 ecclesiam,
949 1628 1031 1686 cuius
1056 1629 1177 1689 munem

143 1718 342 1792 campanarius
363 1718 459 1775 exiens
480 1714 632 1789 reliquerat
652 1714 858 1774 semiclausam.
900 1713 972 1773 Mox
988 1715 1100 1774 iuvenis
1120 1712 1176 1777 de-

142 1804 239 1863 siliens
262 1803 297 1863 de
320 1819 410 1878 equo,
438 1803 578 1862 commisit
605 1818 672 1861 eum
691 1801 795 1876 villico,
816 1801 928 1861 dicens:
955 1800 1177 1876 Exspectasse

143 1890 203 1965 hic,
232 1889 323 1949 donec
342 1895 469 1949 revertar
489 1888 527 1947 ad
548 1894 586 1947 te.
628 1888 667 1946 Et
692 1890 800 1947 intrans
820 1887 971 1947 ecclesiam
992 1893 1059 1949 ante
1078 1893 1177 1949 ortum

143 1993 277 2051 aurorae,
298 1977 452 2051 prostravit
472 1992 503 2033 se
525 1980 591 2033 ante
613 1974 716 2049 altare,
749 1980 835 2034 etex
853 1976 953 2034 intimo
975 1973 1061 2034 corde
1079 1974 1176 2050 ipsam

143 2068 264 2122 matrem
284 2060 493 2121 misericordiae
507 2063 601 2136 eoepit
616 2063 759 2120 invocare.
800 2060 871 2120 Erat
883 2068 981 2121 autem
992 2078 1078 2136 super
1096 2060 1178 2123 idom

144 2150 234 2209 altare
248 2151 343 2223 imago
365 2150 454 2223 ipsius
466 2149 582 2223 virginis
603 2153 633 2206 et
652 2148 751 2206 matris
761 2143 793 2226 ⁴),
813 2164 935 2223 puerum
947 2146 1051 2207 desum
1070 2150 1179 2209 insinu

145 2243 253 2296 tenens.
295 2234 334 2294 Et
355 2252 434 2309 ecce,
463 2236 570 2292 meritis
590 2235 679 2309 ipsius
697 2234 940 2310 praeclarissimae
961 2234 1059 2294 stellae
1080 2236 1179 2311 maris,

144 2340 230 2382 verus
242 2322 342 2382 lucifer
355 2323 421 2380 oriri
434 2323 528 2396 coepit
547 2322 577 2378 in
599 2319 684 2379 corde
698 2321 853 2397 saepedicti
866 2321 1064 2381 adolescentis.
1094 2322 1179 2383 Tan·

145 2416 204 2469 tam
226 2410 253 2468 oi
273 2407 416 2467 Dominus
435 2414 552 2483 propter
571 2406 709 2467 honorem
729 2410 841 2482 matris,
863 2426 949 2483 quam
969 2425 1028 2468 non
1047 2425 1179 2485 negaue-

145 2502 202 2571 rat,
230 2497 427 2555 contritionem
449 2493 554 2553 donare
567 2490 588 2574 ⁵)
611 2493 743 2570 dignatus
766 2501 817 2569 est,
838 2502 871 2553 ut
891 2512 943 2571 pro
964 2494 1034 2555 fletu
1054 2498 1178 2573 rugiret,

146 2589 175 2644 et
194 2600 247 2659 pro
268 2581 385 2657 planctu
407 2583 499 2639 nimiis
521 2581 692 2641 clamoribus
725 2581 874 2641 eeclesiam
894 2581 1022 2658 rcplcret
1063 2581 1178 2643 Eadem

145 2669 217 2729 hora
238 2669 417 2744 supradictus
437 2667 527 2743 miles,
549 2671 597 2744 qui
619 2669 714 2727 omnia
735 2670 796 2728 eius
817 2669 894 2728 bone
914 2669 1048 2743 habebat,
1069 2668 1177 2747 divino,

146 2763 179 2815 ut
200 2755 331 2830 ereditur,
351 2761 423 2814 nutu
443 2754 481 2823 ad
503 2755 623 2813 eandem
644 2754 795 2814 ecclesiam
817 2756 938 2830 divortit,
959 2764 988 2814 et
1009 2772 1075 2814 cum
1090 2756 1177 2819 vide-

146 2849 190 2901 ret
210 2849 346 2918 apertam,
367 2848 472 2918 putans
492 2844 533 2901 ibi
554 2841 650 2901 divina
668 2843 813 2917 celebrari,
833 2845 956 2902 maxime
976 2848 1093 2918 propter
1113 2842 1177 2905 cla-

146 2946 239 2988 mores
260 2926 468 3009 mninsecos⁶),
490 2929 567 2988 solus
588 2932 711 2988 intravit.
743 2928 951 3004 Inveniensquc
974 2946 1071 2989 coram
1091 2928 1177 2991 altari

145 3017 278 3075 iuvenem
299 3016 353 3074 sibi
374 3016 447 3074 beno
460 3022 560 3074 notrnn
580 3015 789 3089 lacrimantem,
819 3023 848 3075 et
878 3023 982 3091 putans
1004 3018 1071 3092 quia
1091 3034 1177 3077 suam

146 3100 324 3161 solurmnodo
354 3101 469 3160 dcflcrct
497 3102 702 3176 calamitatem,
730 3108 804 3161 retro
834 3102 979 3178 quandam
1011 3102 1177 3165 columnam

145 3187 264 3248 latenter
285 3190 417 3262 secessit,
445 3189 486 3247 rci
507 3191 614 3247 exitum
643 3194 820 3264 exspectans.
864 3188 993 3264 Cumque
1021 3189 1177 3251 terribilem

143 3274 224 3335 illam
250 3277 444 3348 maiestatem,
473 3292 560 3349 quam
580 3282 752 3350 negaverat,
780 3277 939 3349 nominare,
967 3276 1014 3335 vel
1039 3278 1176 3339 invocare

144 3377 202 3421 non
212 3360 338 3434 auderet,
359 3360 410 3420 sed
428 3367 539 3419 tantum
566 3363 723 3437 piissimam
750 3364 811 3421 eius
832 3365 996 3438 genitricem
1015 3362 1175 3425 lacrimosis

144 3449 264 3509 vocibus
284 3447 423 3524 pulseuct,
444 3454 565 3523 unoque
586 3448 731 3523 audiente,
753 3466 804 3524 por
825 3465 858 3508 os
878 3451 1008 3527 imaginis
1027 3467 1098 3510 suae
1117 3452 1175 3513 bo·

161 3634 191 3703 1)
209 3632 231 3755 3
247 3630 613 3768 {dehcffisgueu.-5})Atss
624 3633 763 3757 addltcslrtl.
772 3660 814 3743 ἶ
827 3633 1174 3773 36))οΒ1ξᾱῗηῖἲέἓιοοῖιι4ι),

207 3772 228 3828 C
244 3774 443 3825 intrinsecus
461 3771 596 3825 auditos.
