2460 4162
422 204 478 267 nn
500 176 766 269 mortuone.
1004 182 1012 229 '-
1054 209 1115 269 251

380 362 814 424 unumunurm.
1025 313 1027 316 Α

150 488 199 547 De
219 489 338 566 airpine¹
355 486 525 559 abstinente,
547 489 596 545 coi
617 485 752 545 diobolae
775 503 909 544 caraem
931 484 1045 546 obtulit.

138 608 230 685 Virgo
253 608 397 684 quaedam
418 607 454 667 de
475 607 588 667 Nivella
609 613 685 682 nata,
708 607 825 667 domum
848 609 937 683 patris
960 616 989 668 et
1009 626 1140 684 paren--

71 703 119 756 tas
140 711 238 755 amore
262 694 367 755 Christi
387 695 530 769 deserens,
553 695 725 769 quibusdam
747 695 858 753 leminis
879 694 1017 771 religiosis
1040 696 1116 755 illius
1196 722 1203 733 ·

71 784 239 861 provinciae
261 798 293 841 se
313 784 443 856 sedavit,
465 799 531 840 cum
546 782 651 857 quibus
673 782 709 840 dc
732 798 818 857 opere
838 800 976 840 manuum
998 801 1117 842 suarum

71 871 223 944 victitans,
256 870 431 928 orationibus
460 871 629 943 ieiuniisque
665 871 790 927 vacavit.
849 868 936 927 Cuius
965 871 1116 929 virtutibus

73 956 208 1016 diabolus
230 956 376 1031 invidens,
404 972 535 1015 anserem
564 955 600 1014 de
623 954 708 1014 domo
729 958 817 1031 patris
841 958 902 1014 eius
923 956 1001 1031 tulit,
1032 963 1061 1015 et
1087 959 1115 1014 in

73 1043 205 1118 triclinio,
226 1044 256 1100 in
278 1060 335 1118 quo
355 1060 421 1102 cum
441 1028 542 1101 ceteris
560 1042 672 1101 seminis
690 1041 818 1115 sedebat,
842 1042 981 1118 deposuit,
1003 1043 1115 1102 dicens:

73 1129 151 1207 Quid
166 1137 204 1205 te,
225 1132 337 1203 misera,
359 1130 434 1189 lame
456 1127 587 1188 crucias?
616 1127 726 1204 Accipe
749 1133 778 1187 et
794 1129 944 1189 manduca.
975 1129 1028 1189 Cui
1051 1148 1117 1189 eum

71 1217 124 1277 illa
145 1215 264 1277 diceret:
293 1217 359 1276 Non
388 1217 454 1275 licet
488 1216 556 1273 mihi
578 1233 613 1274 ex
636 1233 670 1274 eo
694 1216 859 1291 comedero,
893 1219 960 1290 quia
983 1217 1018 1276 de
1040 1218 1115 1276 furto

73 1310 137 1379 cat3
166 1303 312 1379 respondit
341 1303 484 1362 diabolus:
513 1296 719 1378 Nequaquam,
751 1303 785 1362 de
816 1302 900 1362 doma
932 1306 1006 1362 enim
1027 1306 1116 1379 patris

72 1392 118 1450 tui
139 1390 192 1449 tuli
212 1390 300 1448 illum.
343 1390 425 1449 Trrnc
448 1391 542 1473 virgo:
574 1389 638 1447 Non
660 1392 766 1465 poteris
792 1408 898 1467 negare
927 1393 996 1465 quin
1017 1393 1116 1466 rapina

73 1479 121 1537 sit
163 1476 245 1537 Tolle
267 1495 397 1536 anserem
419 1476 555 1551 velocius,
577 1482 606 1535 et
627 1479 744 1535 restitue
766 1478 816 1536 ubi
838 1480 965 1552 rapuisti.
1005 1478 1116 1537 Videns
1188 1524 1191 1529 .

71 1564 122 1624 ille
141 1564 213 1623 nihil
234 1582 265 1623 se
282 1561 297 1643 ¹)
319 1563 472 1640 proficere,
497 1563 608 1622 seminis
629 1563 808 1638 videntibus,
830 1582 915 1623 avem
936 1564 1059 1639 levavit,
1083 1573 1113 1624 et

72 1650 232 1728 tuguriolo,
265 1650 341 1710 nude
364 1667 428 1709 earn
450 1657 599 1725 rapuerat,
628 1652 759 1709 restituit.
803 1651 922 1710 Testata
944 1658 988 1709 eat
1009 1652 1115 1711 familia

73 1737 179 1799 domna
198 1740 288 1815 patris
311 1740 380 1813 eins,
401 1755 538 1814 magnum
553 1754 584 1796 se
605 1739 677 1796 inter
692 1737 816 1812 reliquos
839 1755 954 1797 anseres
968 1737 1112 1798 audivisse

75 1824 210 1885 clamoris
223 1827 380 1900 strepitum,
404 1830 432 1883 et
451 1843 515 1883 cum
531 1824 691 1900 praefatum
704 1841 834 1882 anserem
856 1824 977 1900 tolleret,
999 1832 1028 1883 et
1050 1843 1118 1901 eum

75 1911 202 1973 cundem
223 1912 287 1971 loco
311 1929 362 1970 suo
384 1913 553 1970 restitueret.
595 1910 700 1970 Dicam
712 1912 763 1969 tibi
778 1910 873 1971 adhuc
895 1911 953 1971 duo
975 1912 1115 1988 exempla,

74 2016 129 2076 per
156 2016 232 2076 quae
260 2001 333 2058 scios
361 1997 482 2073 qualiter
511 1997 642 2056 diabolus
670 2015 735 2072 eos,
765 2015 837 2072 quos
864 2015 916 2075 per
945 1998 1115 2058 desiderium

75 2088 205 2147 carnium
227 2093 343 2163 superat
355 2082 386 2164 ²),
408 2091 512 2144 terreat
534 2091 563 2142 et
586 2084 749 2144 confundat.

391 2240 626 2301 CAPITULUM
646 2241 807 2301 LXXXV.

233 2363 281 2422 De
306 2380 445 2422 conuerso
468 2367 500 2421 ia
521 2364 640 2422 cellario
662 2364 828 2422 consedente
848 2382 960 2424 earnes.

144 2483 307 2543 Conversus
329 2485 461 2559 quidam,
483 2487 556 2543 sicut
577 2485 675 2543 audivi
696 2504 715 2544 a
737 2484 862 2560 quodam
884 2487 945 2544 viro
967 2485 1116 2561 religioso,

75 2573 206 2631 carnium
223 2571 361 2630 desiderio
383 2578 508 2630 tentatus
531 2581 618 2646 atque
633 2580 791 2648 superatus,
814 2590 880 2630 curn
897 2573 959 2631 illas
974 2575 1116 2647 requirere

75 2658 268 2732 erubesceret,
288 2661 362 2716 sicut
383 2675 436 2717 nec
458 2658 544 2732 licuit,
567 2658 611 2717 die
626 2657 751 2734 quadam
773 2666 932 2718 assaturam
955 2660 1008 2717 sibi
1029 2676 1116 2733 prac-

74 2752 217 2821 paratam,
239 2744 384 2804 cellarium
396 2747 512 2818 intrans,
535 2743 694 2824 eomedit³).
737 2746 807 2804 Erat
828 2748 903 2804 enim
914 2746 1005 2805 officio
1029 2746 1116 2805 collo-

76 2832 186 2905 rarins,
209 2838 237 2890 et
259 2832 294 2890 dc
316 2832 414 2890 ordine
436 2832 720 2890 Praemonstratonsi.
763 2833 952 2891 Permissione
974 2832 1029 2890 Dei
1052 2832 1116 2890 diass

76 2917 180 2991 bolus,
209 2921 275 2994 quia
304 2918 382 2976 aliud
410 2919 503 2977 facere
524 2936 581 2977 non
603 2921 711 2993 poluit,
740 2919 874 2994 gulosum
900 2919 979 2977 illum
1007 2922 1117 2994 rapuit,

76 3012 109 3065 ct
135 3006 165 3063 in
194 3012 271 3064 tecto
301 3004 468 3079 campanilis
495 3007 524 3062 in
551 3005 669 3062 modum
701 3008 863 3064 vestimenti
895 3008 1007 3081 sparsit.
1058 3005 1115 3065 Ubi

76 3108 147 3151 cum
167 3090 312 3166 haereret,
340 3091 387 3150 vel
408 3094 503 3165 potius
530 3110 549 3150 a
578 3091 692 3151 diabolo
715 3098 935 3167 sustentaretur,
964 3095 1010 3150 eui
1033 3092 1136 3152 datus·

74 3175 204 3259 meram)
226 3178 264 3238 ad
286 3177 447 3237 terrendum
470 3180 574 3253 potius,
595 3197 683 3253 quarn
705 3179 742 3237 ad
764 3178 959 3254 occidendum,
982 3166 1118 3239 clamavit

76 3264 190 3338 vande,
218 3265 335 3324 fratrum
364 3265 500 3323 auxilium
529 3266 692 3340 implorans.
737 3265 829 3340 Quem
850 3267 889 3325 ibi
911 3265 1029 3325 lraerore
1053 3285 1117 3327 eer-

76 3360 188 3425 ncntes,
210 3369 384 3427 causamque
405 3355 577 3428 ignorantes,
600 3355 670 3410 satis
685 3355 777 3410 mirati
793 3359 866 3428 sunt,
889 3360 917 3412 ct
930 3355 1028 3411 turrim
1051 3372 1116 3414 cum
1188 3367 1192 3379 ¹

76 3440 257 3499 inadustiona
279 3438 475 3513 ascendentes,
496 3439 665 3515 tegulasque
689 3439 845 3498 incidentes
855 3437 884 3520 ⁶),
917 3441 1116 3515 perforamen
1209 3498 1214 3507 ,

76 3524 161 3587 illum
181 3533 366 3585 retraremnt.

98 3639 187 3709 1)Βο
205 3656 238 3692 rc
255 3641 348 3692 nihil.
363 3672 392 3681 -
413 3641 445 3708 2)
463 3640 528 3693 Alll’
546 3650 736 3708 superet-
756 3642 787 3709 3)
805 3641 825 3694 (l
843 3641 1013 3694 cellarium
1032 3645 1117 3695 intu-

148 3709 203 3771 lit,
218 3719 251 3761 et
268 3710 421 3773 comedit,
438 3711 502 3763 tot
520 3711 657 3763 cellario
676 3711 803 3774 intulit,
821 3721 852 3763 ct
870 3712 1020 3765 comedit.
1034 3743 1062 3753 -
1085 3715 1118 3781 4)

150 3778 257 3833 Pron.
276 3810 309 3820 -
327 3783 360 3850 5)
378 3782 572 3852 tegulasque
591 3781 771 3834 incidenter
788 3780 838 3833 add
856 3781 905 3835 BG.
