2460 4162
118 213 182 272 nro
432 214 660 277 sermono
683 214 850 294 bonurn

118 343 214 412 casta,
236 335 355 422 devota,
376 337 482 414 rigida,
503 338 635 415 religiosa
650 335 683 419 ¹),
705 345 746 416 et,
767 341 841 399 sieut
860 337 931 399 mihi
950 337 1048 398 retulit
1067 340 1158 399 vicini

117 426 281 483 monasterii
307 426 456 500 magistra,
488 441 587 484 omnes
614 426 728 500 puellae
754 427 792 485 ab
822 443 858 486 ea
884 425 1023 496 educatae
1051 427 1158 487 ceteris

118 511 276 587 virginibus
303 513 395 588 magis
427 517 493 570 sunt
525 512 732 589 disciplinatae,
763 516 856 589 magis
888 511 1019 572 devotae.
1060 511 1157 589 Spero

119 602 216 657 tamen
244 596 321 672 quod
349 598 445 673 Deus,
479 600 528 672 qui
555 599 676 657 multum
708 605 752 658 est
778 601 951 676 misericors,
980 600 1030 675 qui
1055 598 1157 659 multis

118 683 212 742 modis
233 684 340 743 electos
361 702 429 769 suos
450 690 555 759 tentat,
588 688 636 760 qui
663 692 722 758 tam
742 686 959 746 misericorditer
979 685 1015 745 de
1035 685 1157 760 flumine

119 770 200 829 illam
220 770 358 845 liberavit,
379 774 512 846 pristinos
526 774 594 831 eius
609 771 721 832 labores
742 772 900 848 attendens,
920 771 1042 831 finaliter
1060 774 1156 848 perire

120 873 181 916 non
208 860 289 916 sinet.
331 857 426 916 Multa
452 859 505 917 tibi
531 875 648 933 possem
675 859 838 919 huiusmodi
864 862 993 919 tristitiae
1022 859 1157 935 exempla

118 950 247 1005 recenter
268 950 350 1021 gesta
370 945 489 1018 referre,
517 945 569 1003 sed
596 947 681 1005 timeo
704 946 782 1021 quod
802 945 920 1006 infirmis
940 963 998 1005 non
1020 946 1157 1022 expediat

118 1030 189 1090 talia
214 1030 311 1107 legere
337 1031 385 1096 rel
412 1031 519 1091 audire.
560 1030 763 1092 NOVIOIUS:
790 1033 855 1110 Ego
883 1035 941 1092 iam
969 1034 1038 1092 satis
1067 1032 1157 1093 didici

118 1117 189 1176 nihil
215 1117 276 1178 fieri
304 1120 364 1178 sine
392 1121 515 1194 ratione3
547 1118 618 1179 forte
646 1119 712 1179 idco
733 1119 815 1179 Deus
842 1119 912 1179 talia
931 1121 1085 1194 permittit,
1117 1136 1155 1179 nc

118 1204 237 1280 aliquis,
276 1205 484 1279 quantumlibet
512 1207 549 1263 sit
579 1205 736 1282 perfectnS,
777 1205 812 1265 de
840 1209 899 1265 suis
924 1207 1078 1265 virtutibus
1107 1204 1156 1266 vel

119 1293 256 1350 virtutum
275 1293 407 1366 operibus
420 1298 591 1367 praesumat,
612 1293 663 1351 sed
673 1293 738 1352 Deo
753 1297 855 1368 toturn,
876 1308 964 1368 aquo
986 1299 1031 1352 est
1044 1292 1156 1351 bonnm

120 1377 208 1453 velle,
236 1394 337 1454 posse,
365 1378 458 1437 faeere
487 1385 515 1437 et
536 1378 695 1454 perlicere,
727 1381 871 1438 attribuat.
917 1377 1155 1439 MONAGHUS:

120 1464 231 1524 Verum
264 1464 342 1524 dieis.
398 1464 509 1524 Idcirco
542 1483 614 1525 uxor
641 1465 719 1525 Loth
746 1466 911 1526 inobediens
943 1482 1028 1525 versa
1054 1472 1100 1525 cst
1126 1467 1156 1525 in

97 1556 244 1611 tstatuam
266 1551 333 1625 salis
346 1547 376 1631 ²),
397 1559 430 1612 ut
451 1555 488 1612 sit
503 1553 591 1611 -malis
614 1552 784 1628 exemplum,
805 1554 889 1612 bonis
911 1552 1135 1613 condimentum.

473 1741 705 1804 CAPITULUM
725 1742 807 1802 XLI.

18 1872 24 1889 ²
140 1867 188 1927 Dc
210 1883 357 1939 conoerco,
379 1869 431 1958 qui
452 1883 488 1926 ce
510 1865 710 1941 desperatione
730 1868 763 1924 in
777 1868 946 1942 piscineoc
966 1862 1135 1941 emicranii„

184 2005 242 2064 Vix
263 2010 330 2063 sunt
360 2011 419 2064 tres
447 2007 514 2064 anni
547 2002 650 2080 elapsi,
683 2003 762 2079 quod
791 2021 945 2064 conversus
972 2002 1091 2079 quidam
1120 2020 1158 2064 ex

120 2092 207 2150 nimia
234 2093 346 2150 tristitia
374 2091 490 2151 finalem
516 2093 633 2150 incurrit
661 2089 889 2167 desperationem
914 2089 1114 2150 miserabiliter
1124 2086 1157 2171 ⁸}

79 2228 88 2243 ,
119 2176 279 2253 Loquendo
310 2177 358 2236 vel
389 2177 539 2245 scribendo
568 2176 603 2237 de
631 2177 794 2237 huiusmodi
825 2176 978 2254 tragoediis
1008 2176 1156 2253 nefandis,

119 2265 225 2323 invitus
247 2265 373 2339 exprimo
395 2267 512 2324 nomina
539 2263 666 2323 locorum
687 2264 735 2324 vel
755 2280 949 2339 personarum,
970 2265 1031 2323 sive
1047 2263 1156 2323 ordinis

121 2350 294 2425 qualitatem,
316 2367 352 2409 ne
373 2367 425 2426 per
445 2350 501 2409 hoc
522 2350 649 2425 aliquam
670 2351 808 2427 religiosis
827 2351 930 2410 inferre
950 2345 1076 2429 videam)
1099 2367 1156 2410 re·

119 2435 294 2496 recundiam.
335 2436 419 2496 Idem
439 2437 525 2496 frater
546 2434 620 2497 bene
641 2434 743 2517 mihi⁵)
764 2438 817 2496 suit
838 2444 932 2511 notus,
952 2438 996 2496 vir
1017 2438 1155 2496 aiuncu-

119 2529 181 2583 tute
201 2540 293 2599 usque
314 2524 352 2582 ad
374 2530 551 2584 senectutem
571 2524 752 2583 laudabiliter
784 2530 813 2583 et
843 2527 903 2583 sine
936 2522 1053 2599 querela
1079 2525 1156 2584 inter

119 2610 219 2670 iratres
251 2618 451 2686 conversatus,
478 2613 520 2670 ita
547 2617 580 2670 ut
611 2611 705 2670 nullus
736 2610 785 2670 illo
817 2611 960 2670 videretrn
987 2612 1017 2668 in
1046 2608 1156 2670 ordinis

120 2698 319 2758 observatione
342 2698 500 2772 districtior,
521 2704 551 2756 et
571 2700 600 2755 in
621 2699 773 2757 virtutibus
794 2700 930 2773 superior.
961 2695 1155 2772 Roroloque-

119 2785 213 2860 batur,
234 2802 297 2845 raro
319 2785 434 2844 indultis
457 2784 697 2854 consolationibus
718 2785 861 2843 utebatur.
902 2784 1006 2843 Nescio
1023 2798 1081 2858 quo
1095 2783 1155 2844 Dei

119 2871 224 2931 iudicio
245 2875 287 2931 ita
307 2874 394 2930 tristis
417 2880 445 2931 et
472 2871 659 2948 pusillanimis
687 2871 805 2931 effectus
833 2876 890 2945 est,
918 2876 951 2928 ut
976 2875 1088 2928 tantum
1117 2869 1154 2930 de

119 2961 245 3033 peccatis
267 2961 325 3017 suis
346 2961 465 3033 timeret,
489 2952 545 3037 εἴθ)
568 2961 682 3017 omnino
706 2956 741 3017 de
762 2960 823 3016 vita
843 2963 960 3016 aeterna
981 2955 1155 3032 desperaret.

119 3044 185 3104 Non
207 3044 322 3120 quidem
344 3044 486 3104 dubitavit
516 3047 545 3102 in
573 3041 675 3124 fide'),
705 3043 757 3103 sed
783 3050 895 3102 tantum
927 3044 1089 3119 desperavit
1117 3042 1155 3104 de
1198 3073 1205 3085 ·

119 3130 220 3190 salute.
263 3131 354 3189 Nullis
376 3134 579 3206 scripturarum
600 3132 814 3191 auetoritatibus
835 3138 947 3206 poterat
969 3132 1046 3206 erigi,
1066 3130 1154 3190 nullis

120 3217 257 3293 exemplis
268 3215 290 3297 Β)
312 3218 350 3278 ad
376 3236 456 3293 spem
486 3220 589 3277 veniae
610 3219 715 3277 reduci.
756 3217 905 3277 Modicum
932 3224 1029 3276 tamen
1058 3216 1154 3277 credi·

119 3313 166 3366 tur
186 3322 322 3381 peccasse
334 3300 365 3384 ⁹).
410 3304 462 3364 Cui
485 3322 550 3363 curn
570 3305 670 3364 fratres
693 3305 826 3380 dicerent,
848 3304 916 3380 quid
941 3304 1054 3363 habetis
1075 3303 1154 3363 unde

138 3507 228 3578 1)Βο
254 3516 289 3558 et
315 3507 482 3573 religiosa.
511 3536 542 3545 —
570 3506 602 3574 2)
630 3507 719 3559 Genes.
753 3507 801 3571 19,
834 3507 875 3557 26.
904 3536 934 3546 -
962 3505 994 3574 3)
1021 3505 1042 3557 D
1069 3504 1154 3557 linc·

189 3578 248 3629 lem
282 3576 548 3643 desperationem
575 3575 815 3628 miserabiliter
841 3576 963 3628 linivit.
991 3604 1022 3614 —
1051 3575 1083 3642 4)
1109 3575 1153 3628 BR

189 3646 305 3700 videar
330 3647 462 3698 inferre.
494 3675 524 3685 —
560 3646 592 3713 5)
616 3636 758 3698 Bc‘mthi
781 3646 870 3697 benc,
904 3675 935 3685 —
968 3643 1000 3712 6)
1025 3643 1153 3710 uuae

189 3717 283 3784 qnod.
303 3746 333 3755 -
354 3716 430 3784 mc
462 3713 500 3767 de
527 3715 602 3766 lide.
622 3745 652 3754 -
673 3717 705 3786 8)
727 3715 747 3770 C
773 3715 935 3783 exemplis
961 3723 1098 3782 poterut
1119 3744 1151 3754 -

189 3787 221 3856 9)
239 3786 260 3839 Ι)
278 3787 438 3855 peccavit,
456 3793 490 3838 ut
508 3784 661 3836 ereditur.
