2438 4170
351 256 356 267 ‘
424 242 479 303 Du
501 240 790 304 SIMPLICITATE.
1058 247 1119 306 387

89 383 156 429 oum
183 382 273 425 uxore
299 364 441 425 monacho
466 365 580 425 cuidam
600 366 752 425 Vilarieusi
771 368 837 440 post
857 369 977 425 mortem
988 361 1005 446 ¹)
1028 384 1121 443 appa-

89 471 170 528 rens,
199 471 264 512 oum
289 452 325 512 de
347 458 423 511 statu
444 468 496 512 suo
518 455 739 528 interrogaretur
747 447 777 531 ²),
797 451 957 527 respondit:
985 452 1122 514 Nondum

89 541 204 619 plenam
224 540 364 599 habemus
385 539 512 616 gloriam.
554 536 743 618 Novissime³)
773 540 926 614 requisitus
948 538 986 601 de¹
1004 543 1122 617 virgine,

90 628 247 687 subiunxit:
278 626 421 702 Quicquid
448 628 531 685 nobis
552 627 713 701 impensum
742 632 785 684 est
806 627 930 709 gratiae,
959 643 995 685 ex
1016 630 1122 688 meritis

90 714 230 774 habemus
251 713 448 790 Margaretae,
477 730 529 772 neo
551 713 690 771 audemus
711 714 850 788 respicere
872 710 909 770 ad
930 713 1065 789 gloriam,
1093 717 1122 773 in

92 818 150 876 qua
169 801 219 858 illa
241 806 292 858 est
342 799 439 859 Cernis
467 816 542 858 nunc
570 805 710 874 quantum
738 805 870 874 operetur
891 799 930 858 ad
955 803 1122 877 martyrium

90 887 256 963 simplicitas
285 893 314 945 et
341 889 503 946 innocentia
530 885 628 945 vitae?
659 883 765 944 Omnes
788 886 903 960 quidem
935 890 1021 946 occisi
1042 895 1123 963 sunt,

91 975 144 1035 sed
172 991 230 1032 non
257 991 355 1032 omnes
383 973 526 1032 miraculis
551 973 717 1031 clarescunt.
761 971 844 1030 Unde
866 974 1045 1048 patetquod
1065 992 1123 1034 non

92 1079 187 1137 poena
214 1061 300 1119 saciat
327 1067 495 1136 martyrem,
524 1059 699 1126 sedoausa.
741 1057 944 1118 NOVIGIUS:
974 1060 1124 1136 Quaenam

94 1151 200 1208 exstitit
221 1165 309 1206 causa
329 1142 457 1223 martyrii
478 1149 508 1204 in
528 1145 625 1221 puella
646 1143 722 1203 ista?
750 1143 984 1205 MONACHUS:
1007 1147 1047 1206 Ut
1066 1151 1124 1208 iam

86 1235 167 1294 'satus
180 1252 252 1308 sum,
273 1233 439 1309 simplicitas
461 1240 490 1291 et
510 1235 570 1292 vita
591 1235 722 1290 innocua.
765 1232 905 1290 Diversae
927 1240 994 1291 sunt
1014 1237 1125 1308 species

94 1324 229 1396 martyrii,
249 1323 411 1380 innocentia
432 1319 571 1394 videlicet,
593 1325 626 1377 ut
645 1321 675 1376 in
699 1317 789 1395 Abel;
811 1321 925 1393 iustitia,
946 1326 979 1378 ut
1000 1323 1029 1377 in
1050 1322 1124 1381 Pro-

94 1407 187 1484 phetis
217 1413 246 1465 et
265 1407 568 1482 Johanne.Baptista;
602 1423 682 1466 amor
703 1405 790 1480 legis,
818 1412 851 1464 ut
871 1408 900 1464 in
922 1405 1125 1484 Machabaeis;

96 1494 236 1556 consessio
253 1494 328 1569 fidei,
349 1501 381 1552 ut
401 1497 430 1551 in
452 1492 609 1568 Apostolis.
653 1491 698 1552 Ob
721 1492 883 1551 huiusmodi
906 1510 1006 1552 causas
1029 1495 1126 1554 divor-

95 1600 143 1641 sas
163 1599 262 1656 agnus
283 1581 312 1638 id
334 1587 385 1654 est,
408 1580 545 1654 Christus,
567 1581 677 1639 occisus
694 1578 795 1638 dicitur
816 1579 852 1637 ab
868 1581 974 1656 origine
989 1580 1125 1662 mandit).

95 1666 298 1728 NOVICIUS:
331 1667 455 1744 Quidam
488 1669 574 1725 etiam
602 1684 637 1725 ex
668 1668 756 1724 nimia
782 1665 960 1741 simplicitate
990 1685 1021 1727 se
1049 1671 1126 1744 ipsos

96 1754 238 1816 occidunt.
279 1752 514 1814 MONACHUS:
526 1752 654 1812 ¹'l'alesa
675 1754 802 1828 martyrii
822 1752 913 1828 gloria
933 1771 1049 1828 prorsus
1070 1758 1126 1834 im·

95 1859 197 1901 munes
226 1844 377 1917 exsistunt,
409 1843 463 1900 nisi
490 1859 542 1916 per
575 1857 692 1900 causam
720 1839 913 1915 impellentem
950 1849 1127 1901 excusentur.

96 1929 172 1990 Ecce
195 1928 364 2004 exemplum.
1097 1946 1101 1954 ·

418 2080 652 2142 oAPITULUM
673 2081 806 2140 XXXV.

199 2207 247 2264 Da
268 2205 389 2281 simplici
409 2203 573 2263 concubina
594 2205 760 2276 sacerdotis,
783 2222 860 2280 quaa
881 2223 910 2264 se
930 2208 1026 2280 ipsura

443 2295 475 2350 ia
494 2291 619 2367 fornace
641 2295 787 2351 castineria

161 2397 301 2457 Sacerdos
322 2395 447 2471 quidam,
469 2397 542 2455 sicut
563 2395 632 2453 mihi
643 2395 738 2454 retulit
750 2394 866 2470 quidam
887 2391 959 2476 vir⁵)
975 2396 1130 2473 religiosus,

99 2500 164 2544 cum
193 2483 238 2543 die
267 2484 391 2560 quadam
419 2480 514 2541 multis
545 2484 742 2558 praesentibus
771 2499 932 2540 sermonem
953 2484 1072 2542 haberet
1094 2483 1129 2542 de

97 2573 223 2647 peccatis
253 2578 281 2629 et
308 2564 441 2649 poenis⁶)
470 2570 634 2645 gehennae,
662 2568 762 2626 mulier
791 2569 933 2642 quaedam
959 2571 1049 2628 verba
1070 2573 1131 2629 eius

97 2659 317 2732 intermmpens,
340 2673 374 2716 eo
398 2656 475 2731 quod
497 2657 594 2714 territa
615 2660 690 2712 esset
712 2659 741 2712 et
763 2661 949 2729 compuncta,
982 2658 1022 2714 sic
1035 2653 1054 2735 ⁷)
1077 2659 1130 2715 ait:

100 2743 277 2816 onomius,
306 2742 374 2816 quid
403 2742 453 2800 liet
481 2741 516 2799 dc
546 2741 711 2799 concubinis
733 2740 936 2800 sacerdotum?
964 2741 1017 2815 Ille
1038 2745 1131 2802 sciens

98 2829 234 2888 feminam
254 2828 338 2887 valde
359 2827 493 2902 simplicis
515 2844 578 2886 esse
591 2832 720 2902 naturae,
740 2830 770 2885 in
782 2829 845 2886 ioco
867 2828 1026 2903 respondit:
1048 2830 1131 2889 Nun·

100 2932 189 2991 quam
214 2919 347 2991 poterunt
368 2914 486 2986 salvari,
517 2917 572 2972 nisi
600 2913 744 2973 clibanum
764 2914 912 2973 ardentem
932 2916 1131 2992 ingrediantur.

99 3002 171 3060 Erat
192 3007 221 3060 et
241 3003 304 3076 ipsa
318 3000 473 3060 sacerdotis
495 3000 642 3060 cuiusdam
653 2996 675 3080 ⁸)
698 3002 865 3060 concubina.
908 3000 990 3077 Quae
1012 3005 1132 3062 verbum

100 3086 257 3149 sacerdotis
284 3105 342 3146 non
370 3090 399 3146 in
425 3090 505 3161 ioco,
534 3087 636 3146 sedin
657 3087 746 3146 multo
769 3090 925 3163 suscipiens
947 3093 1034 3166 serio,
1064 3091 1131 3159 dum

101 3175 146 3234 die
169 3175 294 3251 quadam
315 3174 443 3233 olibanus
458 3173 614 3249 coquendis
635 3174 757 3249 panibus
771 3175 997 3253 succenderetur,
1020 3184 1048 3237 et
1069 3180 1132 3253 ipsa

100 3262 215 3322 adesset
237 3278 306 3321 casu
318 3257 354 3341 ⁹),
376 3260 506 3320 omnibus
528 3263 665 3336 egressis,
688 3263 792 3320 ostium
814 3261 923 3337 clausit,
945 3270 974 3323 et
995 3271 1027 3322 ut
1046 3265 1131 3322 ilam-

101 3367 164 3408 mas
186 3347 322 3408 evaderet
342 3353 481 3422 aeternas,
502 3364 533 3406 sc
554 3351 647 3424 ipsam
668 3349 698 3406 in
720 3350 861 3408 caminum
878 3349 1026 3410 ardentem
1045 3368 1131 3427 prac-

120 3534 151 3602 1)
169 3542 242 3601 post
259 3542 387 3616 mortem
404 3531 453 3617 add
472 3531 608 3602 ati-2)
626 3533 690 3587 Aur
708 3542 796 3586 statu
814 3551 880 3586 eum
898 3537 1129 3618 interrogaret.

171 3605 265 3727 11131).
283 3619 396 3744 ἓιῗέειιιῗ
403 3621 442 3738 l11¹:¹
449 3619 543 3725 lcfmf-
551 3603 601 3741 ἓξ
608 3604 777 3796 11193311)
772 3620 794 3725 (ἶ)
794 3606 899 3726 {luffa-'-
913 3606 951 3744 81)
962 3606 1042 3726 pap,
1058 3614 1134 3741 {²2⁸2

171 3745 227 3796 nis.
248 3772 279 3784 -
298 3745 329 3814 7)
347 3745 391 3796 sic
408 3759 449 3794 orn
467 3742 515 3795 BC.
530 3772 558 3781 —
571 3743 603 3810 8)
621 3744 710 3796 cuius
739 3760 783 3798 arn
800 3743 850 3796 add
867 3744 959 3798 ΒΘ·-
972 3745 1003 3812 9)
1021 3743 1041 3795 Β
1059 3758 1092 3794 ce

171 3813 312 3867 adesset.
330 3813 372 3880 lV,
391 3814 418 3866 l:
438 3813 573 3881 „transiret
590 3814 674 3867 caru.“
