2460 4162
434 220 489 283 ne
507 187 773 282 serraricum.
1059 225 1119 281 ιιι

83 360 193 420 scopus
206 341 413 418 etCardinalis,
433 361 508 403 anno
522 344 638 402 Domini
658 343 806 403 millesimo
828 345 981 403 centesimo
1004 335 1122 420 octoges

82 434 159 491 simo
189 436 292 491 octavo
322 432 425 490 missus
454 430 641 491 aClcmente
668 431 751 507 Papa
779 432 954 505 temporibus
978 429 1122 490 Frederici

82 517 269 593 Imperatoris
283 516 447 593 praedicare
463 535 576 592 crneern
588 520 616 576 in
628 516 799 576 Alamannia
821 524 919 576 contra
941 517 1121 591 Sarracenos,

83 603 228 706 quosdam
256 606 310 664 sibi
341 583 497 663 monachos
529 611 620 663 terrae
647 611 761 662 nostrae
791 604 894 662 ordinis
925 603 1119 662 Cisteroiensis

83 693 180 752 socios
194 693 301 749 itineris
323 692 456 768 assumsit
468 688 493 770 ¹)
536 691 593 750 Dic
615 691 740 765 quadam
762 708 828 749 cum
850 690 933 749 simul
955 693 1121 764 equitarent,

84 779 146 838 et
137 795 199 853 rpse
229 777 362 837 diceret
354 796 383 835 ιιι
405 777 545 853 generali:
574 778 644 853 Quis
666 785 793 837 vestrum
815 777 890 837 dicct
910 778 993 835 nobis
1015 776 1122 851 aliquid

83 863 177 925 boni?
198 863 346 939 respondit
366 881 454 928 unus:
487 863 555 938 Ille,
585 865 776 923 demonstrato
799 864 924 938 quodam
946 859 1121 965 monaoh0²)

83 951 177 1032 laico,
205 953 286 1010 cuius
314 967 418 1009 nomen
446 951 558 1009 excidit
600 951 639 1008 Et
627 957 848 1026 tpraeceptum
871 957 914 1010 est
937 953 962 1008 ei
984 953 1121 1008 statima

84 1036 253 1112 Cardinale,
282 1044 314 1095 ut
302 1039 455 1097 tverbum
476 1044 647 1112 proponeret
635 1037 880 1096 texhortationis.
922 1036 986 1095 Ille
997 1039 1121 1111 primum

82 1141 118 1184 se
140 1141 295 1199 excusans,
325 1125 421 1183 dicens
443 1123 548 1183 laicum
568 1141 626 1182 non
648 1124 752 1183 debere
773 1124 875 1182 litarat
856 1131 891 1182 trs
913 1123 1019 1197 ahquid
1032 1120 1053 1202 3)
1075 1123 1121 1181 Ιο-

83 1213 145 1287 qui,
166 1210 283 1272 tandem
304 1213 345 1270 sic
368 1228 485 1269 exorsus
509 1218 566 1269 cst:
590 1210 711 1285 Quando
733 1214 836 1268 mort-ui
857 1211 1044 1269 fuerimust
1016 1217 1044 1268 et
1066 1209 1119 1268 de-

82 1298 165 1358 ducti
186 1297 223 1356 ad
244 1298 424 1373 paradisum,
446 1304 575 1356 occurret
596 1299 680 1377 nobis
702 1304 817 1356 sanctus
839 1304 921 1372 pater
942 1305 1038 1355 noster
1059 1297 1120 1355 Be-

82 1384 224 1443 nedictus.
268 1383 343 1443 Visis
366 1384 448 1442 nobi's
469 1384 626 1456 monachis
639 1384 795 1457 cucullatio,
818 1402 883 1442 curn
905 1383 1009 1458 gaudio
1029 1386 1120 1442 intro-

82 1471 187 1547 ducet3
219 1473 282 1530 viso
304 1488 373 1529 vero
395 1471 520 1529 Henrico
542 1470 688 1545 Episcopo
723 1476 751 1529 et
775 1470 938 1544 cardinale,
971 1471 1118 1528 mirabitur

81 1557 235 1616 infulatum
258 1553 364 1636 eum¹),
388 1564 416 1615 et
438 1557 527 1616 dicet:
551 1557 621 1632 Quis
634 1558 636 1563 ’
649 1560 724 1615 enim
746 1574 776 1615 es
799 1555 851 1614 tu?
873 1557 912 1614 Et
934 1556 996 1615 ille:
1025 1557 1120 1630 Pater,
1174 1551 1177 1557 ’

63 1656 141 1719 ‘ego
164 1661 228 1702 sum
251 1643 409 1702 monachus
432 1643 633 1702 Cisterciensis.
677 1643 874 1718 Respondebit
894 1649 1025 1701 sanctus:
1056 1644 1118 1702 Ne-

82 1747 246 1807 quaquam,
275 1730 432 1789 monachus
462 1730 651 1789 comionlatus
679 1746 736 1787 rron
767 1736 818 1788 est.
883 1729 964 1787 Tunc
993 1728 1118 1788 Hernico

82 1819 154 1877 satis
175 1835 227 1893 pro
251 1833 281 1875 se
297 1817 446 1893 allegante,
467 1816 583 1876 tandem
595 1816 759 1875 huiusmodi
778 1815 844 1875 data
866 1818 1020 1889 sententia,
1044 1816 1118 1874 dicet.
1198 1818 1200 1831 '

82 1905 205 1964 ostiariis
227 1910 343 1962 sanctus
363 1903 552 1962 Benedictus:
575 1904 677 1963 Ponite
700 1920 765 1961 eum
787 1905 934 1977 supinum,
958 1908 986 1960 et
1008 1909 1117 1961 stoma-

81 1989 172 2050 chum
200 1993 260 2049 eius
289 1989 450 2049 scindentes
479 1993 596 2064 aperite.
647 1990 678 2048 Si
705 1992 866 2048 invencritis
894 1990 935 2047 ibi
967 1989 1044 2047 olera
1071 1991 1117 2046 in-

80 2076 206 2151 condita,
226 2077 331 2151 fabam,
352 2079 452 2152 pisam,
472 2077 586 2150 lentem,
608 2077 701 2152 pultes
717 2077 852 2151 cibosque
875 2075 1028 2151 regulares,
1052 2093 1116 2134 cum

78 2163 229 2223 monachis
250 2166 466 2238 intromittatur,
496 2166 671 2237 sinautem,
701 2163 807 2221 scilicet
835 2165 928 2237 pisces
949 2180 1064 2239 grossos
1087 2170 1116 2221 et

78 2251 163 2309 cibos
184 2250 345 2309 saeculares
367 2257 453 2325 atque
476 2249 627 2325 delicatos,
656 2251 722 2307 foris
744 2257 868 2308 maneat.
910 2249 1022 2308 Deinde
1046 2265 1116 2307 con—
1192 2304 1195 2313 ,

77 2354 182 2402 versus
202 2335 241 2395 ad
263 2336 457 2411 cardinalem,
491 2338 626 2404 subiecit:
656 2337 732 2412 Quid
758 2336 806 2394 illa
828 2336 899 2394 hora
920 2335 1046 2394 dicturus
1070 2353 1117 2410 es,

39 2444 52 2459 ·
75 2440 190 2500 pauper
203 2423 351 2483 Henrice?
379 2423 427 2481 Ad
440 2423 516 2497 quod
530 2425 650 2482 verbum
664 2423 820 2482 Cardinalis
835 2423 992 2496 subridens,
1006 2440 1116 2482 sermo-

76 2527 148 2585 nem
163 2510 380 2569 commendavit.
401 2510 464 2587 Ego
477 2511 602 2569 eundem
614 2510 806 2569 venerabilem
819 2510 994 2585 Episcopum
1009 2517 1036 2568 ct
1051 2527 1116 2569 mo·

75 2596 206 2656 nachum
232 2599 261 2655 in
291 2598 412 2656 ecclesia
440 2600 531 2655 saneti
552 2597 631 2656 Petri
653 2597 788 2656 Coloniae
810 2597 905 2655 adhuc
926 2615 997 2671 puer
1018 2597 1114 2654 audivi

77 2700 196 2744 crucem
226 2684 455 2759 praedicantem,
489 2690 517 2742 et
548 2684 701 2759 plurimos,
716 2684 822 2742 ibidem
854 2684 912 2741 vidi
941 2686 1115 2758 signantem,

77 2776 198 2845 eratque
219 2773 264 2828 vir
284 2773 376 2829 iustus
399 2778 427 2829 et
448 2776 580 2844 sanctus,
610 2789 711 2829 manus
742 2788 809 2829 suas
838 2771 874 2828 ab
899 2772 975 2827 omni
997 2786 1113 2828 munere

76 2859 227 2917 excutiens
239 2853 275 2935 ⁵),
305 2865 334 2916 et
354 2863 415 2915 tam
443 2859 531 2916 verbo
566 2875 653 2933 quam
676 2857 805 2932 exemplo
827 2856 931 2914 multos
953 2855 1115 2915 aedificans.
1172 2908 1176 2913 .

75 2942 281 3003 NOVICIUS:
302 2943 450 3003 Recordor
462 2946 591 3018 superius
603 2950 632 3002 te
647 2944 759 3018 dixisse,
780 2946 957 3018 iniquitatem
970 2942 1115 3003 Sodomae

73 3027 198 3110 fnbse‘)
231 3033 408 3089 saturitatem
437 3033 519 3105 panis
553 3037 582 3089 et
611 3031 825 3088 abundantiam.
878 3029 1114 3089 MONACHUS:

74 3117 177 3176 Verba
198 3123 265 3175 sunt
281 3117 438 3180 Ezechielis
452 3117 614 3192 Prophetae
628 3115 656 3196 ¹).
690 3117 728 3177 Ut
750 3120 790 3175 ait
803 3117 929 3193 Moyseo,
952 3125 1114 3192 antequam

74 3203 259 3263 misererer
279 3205 429 3273 Dominus
440 3205 610 3276 Sodomam,
634 3208 728 3263 omnia
751 3208 905 3279 clastegio
928 3203 1115 3279 incipiebatur

94 3371 127 3440 1)
144 3370 165 3424 (i
182 3371 339 3440 quosdam
359 3372 422 3424 sibi
441 3381 551 3423 terrae
569 3381 704 3423 nostrae
722 3373 896 3424 monachos
914 3371 1115 3424 cistercien-

147 3443 194 3493 sis
212 3442 337 3493 ordinis
356 3444 468 3494 socios
486 3444 657 3505 assumsit,
675 3442 738 3494 ADP
755 3441 907 3510 quosdam
925 3442 987 3492 sibi
1007 3451 1114 3494 terrae

146 3519 283 3563 nostrae
301 3512 474 3563 monachos
496 3512 621 3563 ordinis
639 3513 877 3564 cisterciensis
900 3513 1061 3566 assumsit.
1082 3542 1112 3550 -

145 3579 226 3650 2)οΡ
244 3580 378 3649 quodam
397 3597 560 3634 converso
578 3582 786 3633 monacho-
806 3583 838 3649 3)
856 3581 983 3649 aliquid
1001 3597 1041 3632 om
1060 3581 1113 3642 BC;

144 3581 291 3772 tenio
238 3650 515 3718 posthamen
535 3651 567 3719 4)
585 3651 626 3703 ΒΟ
644 3651 822 3703 Cardrnale
840 3651 999 3713 infulato
1017 3654 1113 3701 mira·

145 3720 343 3845 1(ἰίιιι4ι9.-)
311 3721 343 3790 5)
360 3721 417 3773 lsai
435 3720 478 3787 33,
497 3721 588 3776 15.-
613 3722 645 3790 6)
664 3722 766 3774 luisse
784 3738 824 3774 om
842 3721 946 3775 ΑΙ)
971 3722 1003 3788 7)
1020 3719 1113 3773 Erech

179 3826 188 3855 Ὶ
