2438 4170
387 967 824 1076 PRAEFATIO.

471 1193 735 1265 w

195 1429 314 1570 Saepe
340 1473 544 1570 deploratum
577 1485 629 1549 est
655 1499 675 1546 a
699 1477 783 1549 uiris
810 1474 852 1546 de
891 1473 1035 1548 fontibus
1068 1475 1125 1546 hi-
1182 1485 1185 1491 “

89 1581 214 1654 storiae
237 1576 453 1650 Germanicae
475 1580 574 1652 medii
599 1581 676 1652 aeui
702 1579 839 1653 edendis
866 1589 900 1650 et
924 1578 1125 1653 illustrandis

88 1685 320 1772 meritissime,
346 1685 381 1754 in
407 1683 523 1776 quihus
548 1683 715 1756 Boehmer
740 1692 775 1754 et
799 1683 830 1754 J.
857 1681 982 1756 Grimm
1016 1685 1125 1780 inpri-

90 1791 153 1859 mis
180 1787 369 1859 nominandi
395 1797 487 1878 sunt,
514 1809 636 1861 novam
663 1809 802 1880 eamque
828 1790 975 1858 criticam
1002 1789 1124 1859 editio-

89 1914 166 1963 nem
194 1891 356 1986 praeclari
381 1892 468 1966 illius
493 1893 626 1985 Dialogi
653 1891 694 1963 de
719 1890 900 1979 Miraculis,
927 1889 1124 1964 aOacsario

90 1994 360 2067 lleisterbacensi
377 2000 565 2097 conscripti,
592 1999 690 2068 etiam
708 2018 796 2067 nunc
813 1995 1004 2068 desiderari.
1050 1994 1124 2082 Quo
1176 2085 1180 2095 Ι

65 2172 72 2185 ‚
89 2099 174 2171 libro
201 2101 342 2194 scriptor
367 2122 448 2172 suae
466 2105 581 2174 aetatis
597 2103 907 2197 praestantissimus,
934 2123 1001 2172 non
1016 2100 1124 2173 solum

89 2203 313 2293 monachicae,
341 2225 427 2298 quae
451 2206 509 2277 illo
536 2216 684 2301 tempore
710 2207 854 2275 maxime
879 2203 1006 2296 lloruit,
1033 2207 1123 2277 uitae

90 2308 310 2379 conditionem
351 2331 391 2379 ac
433 2319 583 2380 naturam
621 2311 795 2400 insigniter
827 2309 1022 2398 illustrauit,
1063 2308 1123 2382 sed

90 2415 189 2484 etiam
215 2414 322 2504 gentis
345 2423 478 2485 nostrae
493 2412 645 2485 Rhenum
662 2413 842 2486 accolentis
868 2416 940 2486 eius
965 2416 1123 2510 temporis

89 2518 193 2587 vitam
230 2525 263 2586 et
298 2515 461 2610 publicam
495 2528 529 2589 et
568 2520 730 2614 privatam
765 2527 831 2588 tam
870 2517 1056 2588 luculenter
1089 2526 1124 2589 et

90 2618 229 2690 candide
255 2617 472 2711 adumbravit,
498 2631 535 2693 ut
560 2645 634 2692 cum
660 2644 772 2692 rerum
792 2624 954 2693 uarietate
981 2630 1014 2691 et
1039 2644 1123 2692 nar-

90 2727 253 2794 rationum
279 2725 484 2819 simplicitate
519 2729 661 2797 animum
695 2729 854 2818 cuiusque
879 2727 1014 2797 lectoris
1040 2748 1124 2798 sua-

90 2830 228 2899 vissime
261 2827 398 2920 alliciat,
438 2838 506 2903 tum
548 2833 630 2902 uiris
668 2829 824 2902 historiae
858 2839 891 2900 et
924 2831 1122 2922 antiquitatis

91 2934 231 3004 curiosis
257 2933 476 3023 traditionum,
503 2950 630 3005 morum
653 2944 751 3026 atque
776 2936 995 3006 institutorum
1012 2926 1122 3004 terrae

89 3044 225 3108 nostrae
251 3035 360 3110 fontes
387 3041 512 3134 aperiat
537 3037 731 3110 uberrimos.
800 3036 911 3124 Quare
946 3061 1020 3109 cum
1046 3038 1124 3108 edi-

89 3143 197 3213 tiones
238 3139 371 3234 Dialogi
417 3145 482 3213 iam
524 3165 600 3214 raro
647 3144 896 3233 invenirentur,
944 3152 1122 3234 textusque

90 3267 204 3314 earum
222 3246 313 3317 vitiis
332 3255 486 3335 scateret,
513 3256 650 3318 auctore
666 3245 878 3342 redemptore
891 3246 1122 3319 honestissimo

90 3348 178 3419 hunc
203 3347 321 3420 libmm
350 3349 392 3420 ad
417 3347 515 3420 fidem
541 3349 690 3422 codicum
717 3350 936 3442 emendatum,
962 3353 1122 3447 pristino-

89 3473 156 3547 que
181 3455 280 3524 nitcri
305 3453 480 3544 redditum,
508 3452 616 3525 denuo
643 3453 763 3526 edendi
780 3457 985 3577 provinciam
1010 3456 1122 3528 susci-

90 3579 173 3652 pere
198 3579 267 3628 non
284 3556 441 3648 dubitavi,
468 3579 620 3653 sperans,
647 3579 782 3654 operam
808 3559 894 3631 hanc
919 3562 1001 3632 viris
1027 3559 1121 3629 litte-

92 3662 171 3732 ratis
196 3683 264 3732 non
288 3664 450 3753 ingratam
475 3683 552 3735 esse
578 3661 730 3733 fulturam.
783 3662 837 3734 De
854 3666 923 3735 vitu
939 3673 973 3734 et
990 3664 1129 3782 scriptis

93 3759 240 3838 Caesarii
251 3765 341 3859 loqui
354 3763 440 3858 quod
452 3765 677 3864 supersedere
690 3766 1016 3868 pessumdabatur
1010 3766 1147 3855 ms'xum
