2460 4162
104 229 144 287 aa
176 186 177 191 Ν
429 225 655 287 orsumcvro
674 226 803 287 ennea

102 354 164 408 rent
180 347 197 428 ¹)
219 347 394 407 admoneret
438 348 566 424 Quantas
586 348 719 407 habuerit
740 347 956 422 consolationes,
978 365 1065 422 quam
1078 349 1137 408 mi·

102 435 195 495 rificas
216 437 356 509 visiones,
383 434 460 495 solus
488 436 535 494 ille
567 435 650 510 plene
663 432 683 514 ²)
705 438 802 509 novit,
832 436 880 509 qui
901 442 1002 494 auctor
1021 435 1137 495 illarum

102 522 162 602 tuit.
205 521 309 581 Dicam
330 523 382 580 tibi
404 523 482 597 quod
503 523 571 580 mibi
592 522 686 581 retulit
707 521 864 581 monachus
887 521 1004 595 quidam
1017 521 1137 598 religio-

101 625 151 668 sus
163 605 183 688 3)
197 609 363 667 Vilariensis
387 609 421 667 de
443 609 499 667 illo.
544 608 617 669 Cum
639 615 714 667 esset
732 615 859 684 tempore
874 608 999 683 quodam
1019 608 1136 668 hebdo-

101 694 246 754 madarius
283 698 436 771 coquinae,
476 703 504 755 et
540 697 662 755 sabbato
705 696 862 754 secundum
899 695 1137 755 consuetudinem

101 782 211 841 lavaret
231 782 319 858 pedes
341 783 552 857 monachorum,
575 783 649 842 dicto
673 782 874 858 completorio,
898 800 963 841 cum
985 782 1139 842 clausisset

102 872 262 943 oratorium,
285 876 345 929 crat
367 873 441 928 enim
463 872 589 945 sacrista,
610 871 742 945 apparuit
763 872 789 928 ci
799 868 931 928 Salvator
942 869 1028 928 linteo
1046 885 1136 943 prae-

102 958 219 1029 cinctus,
231 963 260 1016 et
271 956 377 1031 pelvim
391 960 420 1014 in
431 976 517 1016 manu
529 964 637 1030 tenens,
660 964 688 1014 et
698 952 719 1035 ⁴)
732 959 772 1014 ait
780 949 819 1014 'ad
828 955 1027 1015 Godcfridum:
1048 955 1156 1030 Sede„

100 1049 134 1103 ut
153 1041 248 1101 lavem
269 1043 358 1118 pedes
380 1050 458 1119 tuos,
489 1062 522 1104 eo
552 1044 630 1120 quod
659 1043 766 1102 dudum
793 1043 896 1103 laveris
923 1043 1012 1118 pedes
1043 1059 1135 1102 meos.

102 1128 157 1204 Qui
169 1126 189 1209 ⁵)
214 1147 279 1188 cum
301 1133 413 1189 territus
439 1139 583 1206 renueret,
617 1134 710 1207 coegit
739 1148 818 1204 eum,
846 1131 984 1205 flexisque
1011 1129 1135 1205 genibus

99 1214 189 1291 pedes
210 1219 271 1275 eius
293 1216 370 1292 lavit,
392 1219 489 1293 sicque
512 1219 656 1294 disparuit.
698 1216 831 1276 Secunda
848 1218 917 1276 feria
929 1223 995 1292 post
1007 1215 1135 1290 Palmae,

100 1308 179 1362 stans
199 1305 228 1361 in
252 1303 347 1378 choro,
369 1321 434 1363 cunr
454 1305 596 1380 psalmus,
618 1304 767 1363 Eructavit
789 1321 966 1378 cormeum,
989 1303 1093 1362 devote
1114 1320 1136 1362 a

101 1395 243 1448 conventu
271 1391 469 1450 decantaretur
482 1386 519 1471 ⁶),
548 1409 615 1451 ecee
649 1393 728 1467 virgo
742 1388 762 1471 τ)
791 1391 914 1468 gloriosa
934 1390 992 1450 Dei
1011 1391 1135 1467 genitrix

99 1475 192 1535 Maria
215 1477 250 1535 de
271 1479 448 1554 presbyterio
471 1477 664 1554 descendens,
684 1485 715 1536 et
736 1478 854 1537 chorum
864 1474 886 1557 Β)
898 1490 987 1537 ‘more
1007 1476 1136 1536 Abbatis

100 1565 252 1638 circuiens,
273 1566 420 1625 monachis
442 1565 599 1640 benedixit,
621 1569 718 1641 sicque
740 1567 812 1624 inter
832 1564 956 1624 Abbatis
978 1570 1008 1624 et
1027 1563 1135 1624 Prioris

99 1649 213 1710 stallum
246 1654 357 1727 exiens,
391 1655 472 1728 quasi
500 1652 538 1713 ad
573 1670 774 1712 conversorum
807 1652 925 1711 chorum
960 1652 1134 1728 properavit.

98 1736 196 1796 Exivit
215 1738 262 1797 ille
283 1746 350 1815 post
371 1757 443 1814 eam,
464 1747 496 1799 ut
516 1739 627 1800 videret
648 1757 705 1815 quo
727 1742 788 1814 iret,
809 1737 860 1798 sed
882 1757 946 1797 eam
966 1736 1135 1797 viderenon

99 1827 199 1899 potuit.
242 1825 353 1901 Statim,
374 1829 470 1885 nescio
492 1834 588 1886 utrum
608 1831 737 1904 proxima
757 1826 806 1885 vel
825 1828 908 1885 tertia
923 1824 977 1900 die,
997 1823 1136 1884 infirmari

100 1913 201 1987 coepit.
229 1912 268 1970 Et
289 1930 355 1973 cum
376 1913 519 1972 laboraret
539 1917 568 1972 in
590 1916 680 1975 acutis
691 1911 722 1993 ⁹),
744 1931 834 1988 usque
855 1916 884 1971 in
894 1912 1048 1971 Paschain
1060 1928 1134 1971 con·

98 2005 186 2056 ventu
196 2015 383 2074 perseverans
399 1997 437 2079 ¹⁰),
459 2001 631 2076 dorsumque
646 2001 876 2078 castigationibus
886 1999 1024 2073 lacerans,
1045 2004 1136 2074 atque

98 2101 195 2153 saeros
216 2104 327 2160 pannos
349 2103 415 2145 cum
436 2090 536 2146 ceteris
557 2087 671 2162 lavans,
693 2089 809 2148 tandem
829 2086 990 2145 infirmitate
1014 2084 1135 2160 depres-

99 2189 155 2247 sus,
177 2175 207 2229 in
228 2173 402 2232 infirmitorio
420 2170 447 2253 Ψ)
470 2174 615 2250 depositus
637 2182 689 2233 est.
722 2175 777 2251 Qui
800 2192 865 2234 cum
886 2177 943 2232 iam
961 2173 1135 2250 agonizaret,

98 2264 128 2318 et
148 2267 225 2319 esset
245 2266 357 2336 tempus
388 2260 570 2337 comedendi,
597 2262 666 2320 dixit
695 2265 721 2321 ei
748 2263 875 2320 minister
903 2278 987 2319 suus:
1019 2259 1135 2318 Invitus

98 2345 174 2405 vado
197 2347 361 2422 comedere,
382 2349 485 2406 timens
506 2367 543 2408 ne
564 2352 676 2408 interim
696 2351 864 2407 moriamini.
905 2347 1005 2421 Vade,
1025 2347 1135 2420 inquit,

97 2447 229 2507 securus,
253 2440 319 2494 ante
340 2433 445 2492 videbo
467 2440 504 2494 te.
549 2435 605 2511 Qui
626 2453 691 2495 cum
712 2439 742 2493 in
762 2452 862 2494 mensa
882 2432 1008 2507 sederet,
1030 2431 1145 2517 (dode--

96 2518 184 2579 fridus
207 2523 311 2579 ostium
332 2521 470 2580 refectorii
492 2526 616 2598 aperuit,
644 2523 816 2582 monachum
845 2524 969 2596 respexit
990 2526 1019 2579 ct
1038 2520 1135 2578 bene-

97 2604 175 2682 dixit,
197 2609 294 2682 sicque
315 2625 416 2668 versus
439 2612 592 2668 oratorium
613 2609 741 2668 tetendit
783 2609 910 2667 Territus
931 2607 986 2681 ille,
1009 2607 1136 2682 putabat

97 2710 164 2752 eum
184 2695 352 2754 miraculose
375 2697 562 2756 convaluisse.
605 2697 765 2771 Statimque
787 2713 922 2771 percussa
944 2701 988 2753 est
1009 2692 1047 2751 ad
1068 2693 1134 2751 exi-

96 2787 158 2838 tum
180 2783 240 2839 eius
261 2779 409 2861 tabula¹²),
442 2789 471 2841 et
492 2784 657 2843 recordatus
679 2791 722 2843 cst
742 2783 927 2855 infirmarius,
951 2776 1052 2858 quia¹³)
1074 2778 1134 2840 hoc

97 2867 122 2925 ei
143 2870 319 2942 promiserat
362 2868 477 2928 Nudato
500 2873 560 2930 eius
583 2888 700 2947 corpore
722 2869 951 2943 adlevandum,
979 2870 1019 2926 ita
1046 2867 1133 2926 inve-

95 2959 198 3013 nerunt
220 2954 335 3013 dorsum
357 2957 417 3015 eius
438 2957 530 3034 plagis
552 2961 697 3035 virgarum
717 2957 843 3032 lividum,
868 2962 900 3014 ut
921 2971 1020 3014 omnes
1041 2954 1133 3013 mira-

95 3046 201 3099 rentur.
242 3041 340 3117 Nuper
361 3059 413 3117 per
432 3045 636 3104 revelationem
657 3044 753 3104 levata
774 3051 840 3102 suut
862 3061 928 3102 ossa
939 3044 999 3101 eius
1014 3033 1043 3120 ¹⁴)
1059 3042 1131 3098 etin

95 3130 219 3186 sacrario
241 3131 348 3204 posita,
381 3139 617 3207 reservanturque
638 3149 690 3208 pro
713 3132 846 3207 reliquiis.
888 3130 947 3205 Ipsi
968 3127 1060 3205 gloria
1082 3122 1135 3201 qui

95 3216 137 3274 sio
158 3214 196 3274 ad
217 3233 249 3274 se
279 3232 431 3276 conversos
458 3219 636 3295 magnificat,
668 3221 715 3278 cui
727 3216 754 3299 16)
778 3236 844 3277 cum
864 3216 951 3276 Patre
973 3221 1002 3274 et
1022 3214 1130 3291 Spiritu

113 3366 144 3433 1)
161 3364 182 3418 G
199 3376 432 3433 praepararent
455 3385 513 3435 per
531 3370 731 3436 patientiam.
752 3399 783 3408 -
804 3363 1075 3436 2)p1eneom131t.
1096 3392 1129 3401 -

163 3435 195 3502 3)
213 3436 395 3503 religiosus
413 3453 454 3488 orn
473 3439 499 3490 P.
519 3469 548 3478 -
570 3439 602 3506 4)
621 3448 652 3490 et
669 3454 710 3490 orn
728 3439 755 3491 G.
777 3469 807 3477 -
827 3440 859 3505 5)
877 3437 917 3489 ΒΡ
935 3434 1026 3504 quod.
1046 3432 1077 3471 -'-
1097 3432 1130 3499 6)

58 3555 61 3567 ,
163 3505 183 3557 G
201 3503 435 3558 decantaretur
460 3523 475 3558 a
502 3518 672 3560 conventu.
693 3539 723 3548 —
743 3509 775 3576 7)
793 3510 886 3577 virgo
910 3505 959 3558 add
976 3504 1026 3557 ΒΟ.
1045 3531 1076 3541 -
1097 3501 1131 3568 8)

163 3573 242 3626 Gadd
261 3576 491 3628 monachorum.
509 3577 620 3645 -9)C
638 3581 668 3630 in
686 3580 792 3629 acutis
809 3571 1130 3639 laboraret.-10)G

164 3648 400 3711 perseveravit.
420 3675 451 3685 -
472 3647 519 3714 11)
537 3647 577 3699 BP
595 3648 831 3709 infirmatorio;
856 3662 913 3698 mox
939 3644 1014 3696 iidem
1040 3643 1129 3710 posi-

163 3721 221 3766 tus.
242 3743 272 3752 -
293 3714 342 3784 12)
360 3715 379 3767 Β
398 3715 510 3768 tabula
534 3716 849 3781 adoxitnmeius‚ll
868 3715 979 3768 tabula
1001 3712 1129 3764 adeius

163 3786 334 3837 exitum-
347 3785 395 3853 13)
413 3785 432 3840 O
450 3786 581 3855 quod-
595 3787 672 3856 100
689 3790 758 3840 eius
776 3803 901 3839 ossa—
914 3785 961 3854 15]
979 3784 1031 3837 cui
1048 3797 1090 3833 om
1100 3780 1128 3834 G.
